3326 5188
369 587 440 652 202
542 599 598 651 rm
617 600 822 652 nnmerum
841 600 1024 654 uunnms
1041 602 1220 655 meusne

366 774 500 848 decidit
514 785 642 846 natura
658 776 754 847 niuei
768 773 902 859 eoloris,
914 799 1040 870 nempe
1052 772 1311 872 sulphureum
1321 800 1386 851 er-

367 891 481 967 seuiei
496 892 637 964 flavum.
676 891 761 963 Hne
776 892 947 964 indicium
961 914 1079 965 Aclm
1093 907 1293 967 ABSENOSI
1310 906 1385 968 tam

330 1107 333 1111 .
368 1010 498 1084 subtile
513 1021 577 1096 est,
593 1021 635 1083 ut
652 1034 762 1082 unum
786 1034 936 1105 granum
961 1022 1103 1084 eentum
1128 1012 1286 1085 millibus
1307 1038 1385 1109 gra-

370 1154 495 1204 norum
511 1153 622 1224 aquae
637 1127 847 1201 dissolutum
865 1128 993 1202 exinde
1009 1142 1174 1225 patescat

418 1246 915 1320 Onrrcuemun.-Tartrae
937 1245 1133 1322 antimum&
1151 1260 1188 1323 et
1210 1254 1386 1345 potarem

260 1440 264 1453 ,
369 1364 475 1439 acido
495 1387 671 1439 amenum
691 1363 880 1458 adjectum,
896 1363 980 1437 facit
997 1377 1039 1438 ut
1054 1377 1182 1439 nature
1206 1391 1310 1445 aurea
1326 1368 1385 1439 de·
1438 1360 1447 1377 ⁸

363 1483 518 1581 Jieiatur.
570 1480 655 1554 Hne
671 1504 751 1553 vero
775 1481 1036 1553 incommodum
1059 1484 1158 1578 parvi
1180 1481 1384 1557 habendum

368 1613 441 1686 eet3
467 1599 642 1695 siquidem
670 1624 780 1672 necne
810 1624 913 1697 aeger
936 1605 1013 1691 jam
1038 1602 1139 1673 vivus
1167 1602 1206 1676 id
1234 1602 1384 1676 mediea-

366 1729 527 1792 mentum
557 1718 752 1815 ingesserit,
783 1719 827 1791 ud
857 1722 1029 1793 vomitum
1059 1719 1285 1808 movendum,
1313 1721 1385 1796 fere

365 1863 501 1933 semper
515 1839 675 1934 eognosei
691 1848 817 1932 potest,
1104 1913 1106 1919 ,

418 1953 463 2022 Β.
483 1950 629 2023 1v.-Si
646 1951 723 2022 calx
749 1976 839 2045 aqua
864 1952 979 2024 soluta
1003 1955 1053 2024 rei
1077 1946 1257 2050 suspectae
1278 1959 1385 2031 disso-

368 2069 465 2141 lutae
494 2066 648 2150 additur,
664 2066 780 2161 pulvis
807 2067 1084 2153 candidissimus,
1100 2071 1248 2144 uenenis
1264 2071 1383 2157 calcu,

368 2210 530 2283 praeceps
546 2184 661 2268 endit3
679 2185 870 2257 dummodo
886 2184 1031 2258 aeidum
1048 2210 1263 2262 arscensem
1277 2190 1382 2262 adsit.

369 2305 409 2377 Si
425 2304 505 2401 plus
522 2301 621 2375 acidi
643 2301 810 2376 emenoni
833 2304 1007 2399 adjicitur,
1025 2304 1171 2379 arpenne
1192 2306 1303 2381 calce
1319 2309 1386 2381 sol-

369 2423 473 2494 vitur.
1356 2518 1362 2525 ἱ

433 2540 668 2635 Utmeunque
701 2540 825 2613 horum
855 2543 1174 2636 experimentorum
1203 2545 1383 2630 nitamur;

369 2682 439 2754 quo
461 2659 625 2732 certiores
652 2660 788 2743 fiamus,
806 2683 879 2730 rem
906 2658 1091 2733 demissum
1122 2673 1249 2734 natum
1274 2664 1385 2759 nigra,

369 2775 528 2875 Anglice
556 2773 684 2848 Black
713 2773 823 2847 Flete
851 2776 957 2861 dieta,
988 2780 1131 2850 mistam
1161 2781 1247 2852 tubo
1276 2782 1387 2853 vitreo

293 2951 296 2957 ,
367 2893 596 2978 nnmmittere,
605 2904 643 2964 et
654 2892 738 2963 dein
755 2894 878 2986 prunis
894 2894 1073 2986 subjicere,
1087 2920 1175 2989 opus
1193 2899 1269 2969 erit.
1306 2897 1386 2969 Me·

369 3012 495 3084 tullum
510 3012 606 3082 enim
623 3013 738 3106 ipsum
756 3012 794 3081 in
811 3009 961 3082 sublime
976 3009 1090 3082 latum
1104 3024 1141 3084 et
1153 3025 1274 3106 postea
1289 3013 1388 3087 firmo

370 3129 493 3201 allium
510 3128 626 3201 olente
642 3130 835 3223 cognitum,
853 3128 997 3200 caeteris
1020 3130 1184 3202 omnibus
1200 3131 1388 3202 documen-

371 3249 418 3320 tis
435 3245 627 3319 antecellit.
1172 3270 1174 3275 ·
1246 3256 1251 3264 '
1308 3264 1310 3269 ’

399 3562 535 3629 CCXV.
567 3564 632 3627 DE
656 3564 892 3627 REMEDIIS
916 3564 1139 3641 UTENDIS,
1164 3565 1369 3630 INGESTO

500 3691 589 3754 VEL
613 3690 818 3753 ADMOTO
838 3690 989 3753 ACIDO
1012 3691 1263 3754 ARSENOSO.

446 3856 562 3942 Simul
588 3883 694 3966 atque
720 3873 850 3965 aliquis¹
876 3870 1020 3941 modum
1048 3873 1253 3967 ampliorem
1270 3893 1390 3945 Aelm

371 4008 572 4063 AnsuNosr
589 3990 824 4084 ingurgitasse
836 3986 993 4072 videtur,-
1003 3989 1130 4061 medici
1147 4002 1201 4062 est
1218 4016 1322 4086 quam
1339 4015 1392 4063 ee·

369 4107 508 4180 lerrime
526 4126 699 4176 venenum
718 4105 850 4198 ejinere.
903 4102 1018 4177 Nulla
1037 4107 1151 4201 igitur
1176 4132 1272 4180 mora
1290 4105 1393 4179 adhi-

333 4305 340 4317 ‚
369 4226 456 4310 bita,
482 4246 522 4296 eo
548 4221 784 4294 instrumento
814 4222 870 4292 cni
899 4246 1039 4308 nomen,
1057 4222 1228 4297 Stomaelr
1257 4218 1392 4323 Pump,

369 4341 553 4417 utendum.
608 4340 646 4414 si
664 4338 837 4425 vernhero,
856 4342 901 4413 ob
918 4341 1070 4436 aliquam
1089 4368 1241 4430 causam,
1260 4343 1395 4416 medico
