3276 5194
392 533 464 605 360
565 553 620 603 nn
641 550 862 604 nrmsmnrn
882 549 1022 608 suoru
1040 548 1264 601 CONTAGIO.

390 737 511 823 putres
537 727 742 799 abundant:
772 749 919 819 quorum
950 738 1150 818 utrumque,
1179 720 1409 819 hydrogcnt'o

330 878 332 881 ·
391 869 501 940 aquae
525 841 731 939 diripiendo,
757 842 795 911 in
823 840 894 912 duo
919 839 1043 913 horum
1064 839 1217 937 gauium
1238 840 1407 911 vertitur:

389 986 468 1058 pars
486 960 592 1032 simul
607 956 780 1042 carbonir,
807 956 993 1054 oxygonio
1010 983 1120 1054 aquae
1136 959 1275 1053 proprio
1291 981 1410 1052 accep-

373 1089 440 1173 to,
465 1079 504 1148 in
530 1074 681 1149 acidum
705 1073 939 1148 carbonicnm
955 1076 1113 1147 vertitur.
1163 1074 1332 1148 nnuma
1356 1084 1410 1147 ta-

392 1216 474 1262 men
491 1215 535 1263 ex
551 1191 629 1263 istis
645 1191 777 1290 confici,
795 1189 933 1262 credere
950 1191 1100 1261 omnino
1115 1213 1275 1284 nequeo;
1302 1189 1410 1285 siqui-

391 1308 471 1380 dem
489 1308 564 1380 loca
580 1309 649 1379 alia
666 1308 755 1379 bene
771 1305 885 1379 multa
912 1305 1099 1402 paludibus
1125 1308 1280 1378 maxime
1296 1307 1410 1379 aliena

391 1426 487 1498 hisce
511 1427 649 1498 aeribus
674 1424 868 1497 abundant.
923 1425 1040 1497 Aeres
1058 1426 1120 1496 isti
1137 1423 1274 1498 fodinas
1291 1426 1409 1497 carbo-

391 1545 506 1615 narias
522 1542 678 1637 polluere
694 1541 800 1626 soliti,
825 1544 886 1637 qui
904 1551 959 1613 tot
974 1539 1134 1613 homines
1150 1543 1339 1636 quotannis
1356 1550 1412 1613 ocss

331 1654 333 1659 ’
391 1661 526 1745 cidunt,
552 1658 805 1754 vernaculeque
835 1657 941 1755 “fine
962 1657 1096 1756 dump”
1126 1670 1232 1755 atque
1257 1671 1279 1700 “
1295 1656 1411 1732 cboalc

391 1773 522 1871 damp’'
535 1775 773 1859 nominantur,
792 1784 876 1846 sunt
892 1772 1037 1847 acidum
1054 1773 1288 1849 sorbonicum
1305 1787 1411 1870 atque
1503 1769 1506 1777 ’

391 1890 664 1988 hydrogeniurn
679 1889 921 1965 cardonetum
933 1920 945 1974 ;
971 1903 1077 1988 atque
1090 1918 1134 1966 ex
1146 1891 1329 1979 carbonio,
1343 1918 1412 1989 quo

392 2007 459 2079 hae
483 2006 622 2078 fodinae
648 2008 879 2102 superfluunt,
905 2022 1095 2103 utrumque
1120 2034 1230 2105 aquae
1260 2010 1412 2081 elemen-

392 2137 508 2197 torum
534 2123 601 2215 sibi
625 2122 840 2207 attrahente,
867 2124 1109 2198 conficiuntur.
1172 2124 1302 2221 Neque
1331 2149 1411 2198 vero

392 2241 541 2336 opifices,
559 2241 621 2335 qui
637 2240 714 2311 istis
731 2237 861 2312 fodinis
885 2253 1054 2341 perpetuo
1070 2241 1141 2314 fere
1158 2244 1346 2330 intersunt,
1363 2243 1413 2315 fe·
1523 2248 1528 2257 “

392 2361 453 2431 bre
470 2359 730 2453 intermittente
746 2356 902 2429 laborare
915 2357 1089 2430 videntur.
1141 2359 1285 2442 Quibus
1301 2361 1413 2432 omni-

392 2476 511 2548 busin
529 2476 647 2546 animo
672 2474 813 2558 habitis,
838 2475 991 2546 minema
1014 2500 1087 2549 esse
1104 2500 1278 2548 vencnum
1296 2479 1350 2548 sui
1368 2480 1412 2548 si·
1480 2511 1483 2516 ·

393 2592 478 2664 mile
490 2590 649 2686 judicare
664 2592 770 2664 licet:
800 2592 899 2692 quod¹
909 2617 953 2664 ex
969 2589 1210 2688 hydrogenio,
1227 2591 1411 2680 narbonia,

393 2723 430 2783 et
447 2708 659 2805 nitrogenio
674 2708 820 2782 fortasse
837 2719 983 2782 constat.

444 2945 974 3029 DnCourAc10.-Earooe,
992 2965 1257 3033 conrueruru,
1275 2948 1336 3020 alii
1353 2949 1417 3021 ali-

395 3078 449 3138 ter
465 3067 521 3137 usi
538 3074 644 3135 sunt:
671 3063 815 3159 quidam
833 3062 1011 3138 adomnia
1037 3089 1077 3135 ea
1102 3066 1195 3150 taba,
1223 3068 1294 3140 sive
1311 3093 1413 3141 vene-

394 3177 451 3266 na,
479 3204 568 3276 quae
593 3189 678 3251 sunt
702 3203 824 3251 causae
840 3180 1038 3250 morborum
1055 3182 1298 3275 pestilentium
1314 3186 1413 3280 geni-

396 3300 507 3382 trices,
524 3295 749 3390 desi'gnanda.
801 3295 883 3390 Ipse
901 3320 980 3368 vero
996 3295 1062 3368 hac
1078 3323 1160 3370 voce
1176 3301 1232 3372 uti
1247 3300 1350 3385 malo,
1368 3303 1413 3374 ad

397 3440 569 3490 venenum
586 3414 684 3486 istud
701 3415 834 3485 aerium
852 3413 1091 3499 indicandum,
1119 3440 1188 3511 quo
1204 3416 1316 3491 febres
1333 3444 1413 3492 con-

393 3536 516 3607 tinuae
531 3533 708 3603 nituntur.
759 3529 822 3601 De
837 3528 903 3603 hoc
919 3556 1000 3604 vero
1025 3533 1237 3618 conscribere
1260 3537 1414 3630 perdiffi-

395 3654 467 3725 cile.
478 3665 552 3736 est3
580 3675 621 3722 eo
638 3649 732 3743 quod
750 3674 914 3721 sensuum
932 3651 1039 3721 aciem
1057 3650 1166 3735 latet;
1194 3676 1340 3739 necnon,
1362 3681 1413 3728 se.

295 3766 298 3771 ’
395 3796 455 3843 cus
478 3781 584 3865 atque
608 3790 721 3863 gnra,
754 3767 882 3862 colligi,
910 3767 1075 3839 alienisve
1101 3770 1238 3840 naturis
1255 3773 1413 3858 subduci,

394 3910 463 3956 non
482 3897 597 3978 potest
612 3908 622 3968 3
650 3893 688 3955 at
706 3883 923 3955 solummodo
940 3883 1089 3956 funestis
1106 3885 1298 3972 effectibus,
1326 3914 1412 3983 quos

395 4003 479 4085 ulit,
498 4004 725 4095 cognoscitur.

397 4160 401 4187 ;
452 4120 652 4190 Haevoces
679 4138 931 4190 CONTAGIUM
960 4122 1046 4193 satis
1070 4131 1163 4195 recte
1193 4121 1337 4198 definire
1363 4130 1413 4199 vi-
