3326 5188
505 566 562 622 nn
580 568 786 631 sumanus
803 563 997 623 nrannrs.
1188 551 1260 626 219

331 851 567 916 CCXXVIII.
601 853 665 915 DE
688 851 925 916 REMEDIIS
949 849 1170 914 UTENDIS.

291 1035 567 1130 Quamprimum
582 1057 756 1106 venenum
771 1033 962 1105 subducere
976 1030 1123 1127 opertet.
1150 1031 1265 1103 Hunc

240 1153 278 1225 in
304 1154 423 1236 finem,
448 1148 621 1249 culpante
636 1147 734 1222 zinci
759 1161 822 1223 aut
840 1151 948 1246 cupri,
966 1160 1029 1222 aut
1045 1150 1161 1223 radice
1181 1147 1265 1223 Cat

172 1343 175 1348 .
245 1270 396 1344 licoccae
412 1266 695 1367 iqrccacuuahae,
718 1267 839 1340 aliisve
854 1268 1004 1339 vomitui
1022 1266 1144 1339 ciendo
1161 1268 1264 1362 aptis,

195 1437 199 1443 -
242 1386 428 1463 utendum.
455 1387 599 1473 Quibus
614 1387 734 1458 minus
750 1386 960 1468 valentibus,
978 1385 1034 1457 vel
1050 1387 1094 1457 ob
1112 1384 1265 1479 aliquam

243 1531 395 1590 oausam,
414 1506 533 1577 minus
549 1504 850 1586 convenientibus,
868 1504 1156 1586 instrumentum,
1174 1500 1268 1597 quod

244 1620 588 1719 “‘Stomuclr-puatp
601 1624 619 1652 ”
645 1620 859 1704 nominatur,
891 1617 1056 1690 adhibere
1084 1619 1267 1712 oportebit.

244 1741 394 1812 Praeter
423 1737 519 1822 haec,
563 1736 736 1832 siquidem
752 1748 755 1753 '
769 1761 860 1831 aqua
896 1740 1023 1808 cortice
1059 1732 1268 1808 &maenae

243 1856 433 1956 officinalis
449 1867 512 1929 aut
532 1852 649 1952 gallio
665 1855 824 1939 saturior,
842 1865 906 1925 aut
923 1878 1013 1949 aqua
1028 1853 1121 1926 foliis
1146 1851 1270 1925 Theae

245 1977 367 2049 viridis
398 1964 546 2058 imbuta,
578 1984 615 2046 et
640 1973 710 2045 alia
734 1973 918 2068 ejusmodi,
949 1973 1116 2047 facultate
1140 1996 1271 2071 auper-

247 2100 392 2167 tartroo
414 2101 587 2191 potosaoe
611 2091 821 2163 dissociandi
847 2089 1006 2186 praedita
1023 2102 1127 2163 sunt:
1154 2092 1272 2186 aliqua

247 2237 367 2286 eorum
395 2222 488 2283 recte
519 2209 769 2293 conceduntur,
803 2208 977 2293 remediis,
1011 2198 1117 2305 quae
1135 2233 1273 2280 vomere

248 2328 391 2412 faciant,
409 2325 587 2421 adjuncta.
631 2323 867 2420 Nequaquam
885 2336 1005 2397 autem
1022 2327 1066 2396 iis
1082 2325 1163 2398 solis
1179 2325 1272 2396 inni·

250 2445 398 2518 tendum
416 2455 479 2516 est.

259 2758 461 2824 CCXXIX.
496 2757 734 2834 QUAEDAM
756 2759 820 2821 DE
840 2757 1038 2822 SALIBUS
1060 2758 1272 2827 CUPREIS.

302 2961 464 3059 Cuprum
481 2963 609 3057 ipsum,
623 2958 719 3035 haud
733 2985 829 3033 secus
846 2971 958 3057 atque,
970 2960 1134 3058 pleraque
1152 2962 1276 3035 metal-

252 3080 377 3164 lorum,
403 3080 463 3150 vix
489 3079 564 3151 ulla
585 3089 760 3174 potestate
785 3079 982 3153 venenandi
1007 3079 1127 3177 pollet.
1179 3078 1279 3152 Vasa

252 3198 364 3292 igitur
394 3220 521 3291 cuprea
549 3195 637 3266 cibis
667 3195 856 3290 coquendis
885 3197 1012 3278 dicata,
1029 3194 1093 3267 hos
1118 3196 1218 3269 nulla
1242 3198 1278 3268 vi

253 3315 400 3387 exitiosa
425 3310 555 3385 donare
571 3323 730 3404 possunt,
756 3313 826 3401 nisi
849 3336 904 3384 res
926 3324 1042 3407 coctae
1067 3338 1213 3408 cuprum
1234 3314 1278 3407 'in

254 3427 419 3527 orcadum
432 3438 632 3501 convertere
646 3439 788 3522 queant.
831 3427 960 3521 Neque
974 3453 1056 3500 sane
1072 3428 1152 3523 plus
1170 3453 1280 3523 aequo

255 3548 447 3644 vituperari
477 3532 594 3640 potest
624 3544 839 3617 consuetudo
867 3546 935 3616 ista
959 3570 1066 3639 prava
1090 3546 1202 3615 varias
1226 3569 1280 3616 res

199 3706 203 3713 ·
255 3679 347 3740 terra
377 3674 479 3737 natas
504 3660 610 3734 acido
636 3662 770 3734 ucetico
792 3675 833 3737 ,et
858 3662 1050 3747 seminibus
1069 3665 1282 3736 aromaticis

133 3862 137 3867 ,
257 3783 428 3867 conditas,
446 3806 511 3878 ope
528 3805 688 3854 vasorum
707 3805 923 3877 capreorum,
941 3780 1123 3876 coquendi.

307 3899 490 3973 Oxrnnm
508 3921 643 3984 onear,
662 3900 734 4003 etsi
745 3900 980 3999 perniciosum
998 3900 1056 3984 sit,
1081 3924 1205 3999 parum
1222 3926 1284 3974 no-

258 4029 324 4104 cet,
351 4017 421 4089 nisi
447 4013 546 4090 acidi
570 4018 733 4111 cujusvis,
764 4027 836 4089 aut·
856 4014 1070 4102 ammoniae,
1089 4018 1285 4091 ministerio

260 4136 437 4220 solvatur,
465 4144 530 4206 aut
547 4134 631 4206 oleis
642 4135 739 4218 fixis,
765 4134 819 4206 vel
846 4135 973 4230 adipe;
1001 4159 1090 4230 quae
1107 4134 1225 4213 omnia
1242 4158 1286 4205 ex

258 4255 353 4331 facili
370 4251 437 4361 hoc
453 4249 607 4326 occidam
623 4252 810 4326 dissolvere
828 4252 957 4329 valent.
