3326 5188
712 591 715 595 ’
799 606 874 656 ,nn
894 605 1009 658 soon.

539 885 763 951 CCLXXIV.
797 886 1035 965 QUAEDAM
1060 887 1123 952 DE
1148 889 1279 956 SODA.

451 1071 514 1144 De
540 1091 644 1144 sons
670 1070 808 1167 proprie
825 1071 971 1158 scribere
988 1071 1048 1140 vix
1064 1095 1151 1166 opus
1168 1096 1242 1144 esse
1258 1071 1425 1145 videtur:

401 1190 572 1286 siquidem
593 1199 730 1285 'parum
759 1199 823 1261 aut
856 1187 948 1259 nihil
982 1213 1002 1259 a
1037 1176 1225 1262 rorasse
1238 1188 1424 1286 discrepat,

401 1308 495 1405 quod
512 1308 675 1404 adsigna
696 1332 738 1379 ea
759 1307 898 1404 ingesta
921 1317 1117 1404 prognata3
1145 1309 1234 1381 vitia
1259 1307 1425 1382 cadavere

399 1428 612 1522 introspeoto
624 1436 760 1521 reperta
774 1449 784 1510 ;
803 1426 986 1511 rationem,
1000 1450 1070 1520 qua
1082 1425 1193 1498 laedit
1205 1436 1269 1499 aut
1279 1437 1423 1508 enecat3

402 1542 508 1640 atque
536 1542 769 1616 remediorum
799 1566 939 1639 genera,
968 1567 1057 1638 quae
1080 1542 1246 1639 opitulari
1276 1544 1421 1640 possint.

400 1661 463 1733 Ex
480 1662 534 1746 iis,
552 1685 641 1758 quae
664 1685 768 1757 supra
792 1660 836 1733 de
863 1681 1050 1745 Pornssn,
1075 1659 1220 1735 homine
1244 1661 1424 1747 dehmeto,

400 1777 694 1874 deprehendenda
710 1779 841 1873 scripsi,
859 1778 944 1850 satis
959 1787 1074 1872 patet,
1097 1778 1307 1873 quommodo
1332 1778 1422 1853 sodo

399 1897 444 1968 ab
471 1921 512 1969 eo
537 1898 584 1968 sit
611 1895 858 1990 dignoscenda.
908 1894 1050 1968 Notatu
1077 1920 1160 1969 sane
1186 1895 1283 1970 haud
1306 1897 1423 1994 indig-

400 2035 487 2084 num
505 2022 569 2096 est,
587 2021 696 2085 terras
717 2036 807 2115 pene
824 2036 945 2084 omnes
961 2010 1106 2084 detenu
1122 2023 1159 2086 et
1176 2014 1321 2109 cognitu
1336 2013 1422 2086 faei-

398 2130 505 2204 liores
518 2155 592 2203 esse
608 2153 715 2226 quam
740 2126 901 2212 aleols'or
926 2153 967 2202 eo
992 2128 1087 2225 quod
1111 2131 1278 2228 pleraque
1302 2129 1425 2206 acido-

398 2273 484 2323 rum
500 2249 572 2321 illis
588 2248 755 2344 adjuncta
780 2247 868 2320 sales
893 2272 997 2344 aegre
1012 2248 1068 2321 vel
1085 2273 1155 2322 non
1173 2251 1316 2322 omnino
1333 2275 1424 2347 aqua

398 2367 636 2440 dissolvendos
661 2366 905 2450 constituunt3
933 2390 1012 2438 eum
1030 2364 1086 2439 his
1099 2376 1220 2439 eontra
1236 2369 1367 2442 sociata
1382 2369 1424 2439 in

399 2486 490 2560 sales
506 2495 768 2570 convertuntur,
786 2509 876 2580 aqua
892 2484 1060 2558 facillime
1084 2485 1248 2581 liquatos,
1273 2486 1422 2584 ideoque

258 2602 260 2606 ’
398 2630 469 2677 non
486 2605 595 2677 oeulis
611 2602 813 2700 patefactos.
865 2601 979 2675 soni
1004 2604 1130 2699 quovis
1155 2603 1290 2700 liquore
1316 2604 1423 2678 disso-

375 2705 486 2808 luta,
512 2720 617 2796 petilo
639 2720 834 2794 muriatico
858 2720 981 2806 affuso,
1007 2723 1192 2818 conspicua
1218 2722 1304 2796 fiet:
1329 2721 1421 2806 nihil

400 2866 483 2914 sane
499 2839 681 2914 deseendit
706 2863 769 2911 sua
786 2850 933 2935 sponte;
959 2839 1053 2935 quod
1068 2843 1098 2912 si
1115 2860 1216 2937 aqua,
1234 2841 1345 2916 calore
1360 2843 1419 2917 ad-

399 2970 507 3043 moto,
524 2959 562 3028 in
575 2980 738 3052 vaporem
751 2981 849 3028 versa
865 2954 1090 3042 abstrahitur,
1103 2969 1260 3051 superest
1273 2958 1420 3034 morior

400 3073 521 3175 rodae,
548 3075 600 3147 sal
621 3076 785 3147 omnibus
800 3074 1026 3159 notissimus3
1053 3074 1232 3159 nimirum,
1251 3074 1421 3171 chrystal-

402 3193 447 3266 lis
464 3193 604 3279 oubieis,
621 3204 728 3289 atque
745 3217 863 3288 sapore
880 3191 1030 3288 proprio,
1048 3190 1307 3287 dijudicandus.

449 3523 652 3586 CCLXXV.
676 3523 745 3585 DE·
765 3521 1000 3584 AMMONIA
1023 3518 1234 3596 EJUSQUE
1260 3520 1362 3584 SUB-

761 3645 1058 3711 CARBONATE.

464 3830 685 3929 Ammoum
712 3853 806 3902 mera
827 3851 904 3924 gos
933 3821 987 3901 est
1015 3808 1074 3900 sui
1094 3828 1234 3913 simile3
1268 3825 1418 3922 ideoque

401 3945 606 4018 venenando
622 3971 745 4042 parum
764 3957 818 4018 ost
833 3956 926 4043 apta.
977 3945 1090 4041 'Aqua
1113 3958 1231 4019 autem
1255 3944 1421 4018 facillimo

399 4087 476 4136 eam
495 4062 619 4148 solvit3
647 4075 753 4157 atque
767 4088 807 4135 ea
821 4072 938 4135 satura
957 4061 1065 4159 (apud
1079 4063 1419 4136 anuneonon-

398 4201 463 4251 ras
477 4178 626 4276 Liqoor
638 4176 854 4273 aromonr‘oe)
867 4203 930 4274 pro
944 4179 1199 4252 medicamento
1208 4183 1276 4252 'aut
1287 4205 1420 4253 veneno

395 4298 533 4390 potenti
560 4295 718 4368 adhiberi
736 4304 861 4390 potest.
914 4295 1025 4390 Aqua
1043 4315 1251 4373 AMMONIA
1269 4297 1420 4379 imbuta,
