3326 5302
402 473 437 543 vi
774 495 1034 548 incursuum

400 694 458 741 ma
474 669 691 767 dignandae:
717 669 819 744 fateri
844 682 962 746 tamen
986 684 1133 771 oportet,
1157 672 1251 746 hunc
1272 672 1402 745 clarum

402 825 574 888 auctorem
601 813 645 887 de
669 814 827 912 pluribus
852 816 1061 891 valetudinis
1086 817 1245 891 adversae
1269 818 1403 913 generi-

369 980 372 983 ·
400 956 476 1040 bus,
500 980 588 1052 quae
611 955 733 1050 nuperi
756 953 902 1029 feliciter
924 959 1183 1043 scrutatisunt,
1208 981 1343 1055 prorsus
1359 958 1402 1028 si-

401 1095 480 1170 lere.
531 1096 610 1170 Nec
636 1122 717 1170 sane
743 1095 896 1171 dubitari
921 1109 1047 1195 potest,
1070 1100 1155 1198 quin
1178 1098 1402 1172 CuLLnNus

400 1237 493 1310 mala
516 1238 690 1334 permulta
713 1239 847 1311 morbos
873 1249 980 1325 vocet,
1006 1250 1111 1337 atque
1135 1240 1289 1324 definiat,
1316 1264 1402 1336 quae

400 1375 513 1449 multo
529 1378 656 1449 rectius
672 1377 763 1449 inter
779 1377 975 1449 morborum
992 1379 1091 1474 signa
1106 1376 1288 1451 habentur.

448 1512 547 1586 Mihi
576 1515 613 1586 in
642 1516 759 1587 auimo
786 1527 849 1600 est,
882 1513 960 1588 luce
987 1513 1153 1588 hodierna
1180 1540 1253 1601 uso,
1286 1516 1401 1587 omnia

399 1655 595 1727 morborum
615 1678 742 1751 genera
757 1658 832 1751 jam
849 1657 988 1752 cognita
1003 1656 1156 1730 definire.
1208 1656 1316 1753 Siqua
1332 1658 1401 1729 uti·

398 1792 458 1878 lia,
483 1803 544 1867 aut
566 1805 655 1866 notu
677 1792 793 1888 digna,
818 1792 995 1888 hucusque
1011 1796 1258 1889 praetermissa,
1284 1806 1400 1892 protu-

400 1929 497 2002 lerim
511 1929 743 2021 3¹haecce-me
760 1957 780 2002 e
795 1930 949 2004 fontibus
970 1930 1145 2005 hodiernis
1161 1933 1216 2006 vel
1235 1934 1400 2007 recentio-

399 2075 494 2148 ribus
510 2076 729 2172 potissimum
746 2073 942 2161 deduxisse,
958 2075 1081 2149 lubens
1097 2075 1214 2149 fateor.

447 2214 604 2316 Ratione
621 2215 753 2313 duplici
767 2217 878 2288 morbi
894 2214 1030 2289 definiri
1047 2226 1211 2313 possunt:
1231 2217 1286 2290 vel
1299 2241 1400 2290 causa

332 2380 335 2386 '
398 2359 610 2443 continente,
634 2355 737 2428 modo
756 2356 959 2442 innotescat,
985 2359 1176 2454 proposita:
1202 2358 1258 2431 vel
1272 2358 1316 2430 iis
1332 2358 1400 2454 sig-

391 2496 454 2569 uis
470 2495 646 2578 enarratis,
672 2495 758 2567 citra
782 2518 870 2591 quae
893 2495 1032 2567 morbus
1057 2495 1176 2568 adesse
1189 2521 1259 2568 non
1275 2505 1397 2593 potest.

397 2634 599 2731 Utramque
624 2632 782 2730 exemplo
806 2631 995 2706 deliniendi
1018 2635 1187 2708 rationem
1216 2633 1398 2719 illustrare,

395 2774 494 2847 'haud
519 2773 670 2847 alienum
696 2775 773 2845 erit.
824 2774 862 2844 Si
887 2772 1045 2859 Ieterus,
1075 2800 1176 2847 causa
1200 2776 1400 2848 continente

284 2970 290 2983 .
397 2911 593 3010 praedicata
609 2909 826 2982 definiendus
842 2920 905 2994 est,
918 2908 1156 3004 hujuscemodi
1171 2913 1282 2984 verbis
1299 2924 1399 2987 uten-

266 3068 270 3078 ’
397 3053 511 3125 dum:
550 3048 687 3121 “Bilis
720 3048 881 3144 sanguini
913 3048 1166 3123 circumfluenti
1199 3044 1362 3125 immista.
1380 3057 1398 3085 ”

399 3189 507 3277 Quod
532 3189 562 3262 si
586 3187 730 3261 alteram
755 3185 943 3258 deliniendi
967 3189 1134 3260 rationem
1153 3190 1250 3284 sequi
1265 3189 1396 3275 malim,

399 3356 496 3405 voces
528 3326 767 3426 hujuscemodi
800 3329 1030 3401 conveniunt:
1065 3328 1206 3402 “Cutis
1238 3329 1408 3425 oculique.

396 3474 504 3546 flava:
530 3471 631 3543 urina
647 3494 770 3571 crocea,
796 3480 936 3542 naturas
961 3469 1124 3543 candidas
1148 3471 1318 3543 immissas
1343 3496 1396 3543 co·

392 3611 469 3684 lore
484 3610 580 3682 luteo
596 3609 769 3681 tinctura:
795 3606 891 3678 alvus
916 3608 1050 3703 saepius
1075 3607 1183 3693 tarda,
1208 3620 1313 3704 atque
1338 3608 1395 3681 de·

393 3752 562 3850 jectiones
582 3749 717 3822 albidae
733 3758 769 3819 et
784 3746 919 3820 durae.''
969 3746 1081 3820 Modo
1104 3746 1203 3833 hanc,
1228 3747 1330 3820 modo
1354 3748 1396 3820 il-

397 3894 468 3966 lam
496 3889 684 3964 definiendi
712 3889 880 3961 rationem
910 3889 1006 3984 sequi
1034 3887 1187 3984 placuit:
1208 3913 1287 3961 -nec
1319 3912 1394 3961 raro

399 4035 549 4109 Causam
567 4032 816 4106 continentem
837 4029 1050 4106 Definitioni
1076 4058 1094 4105 e
1119 4032 1225 4130 signis
1250 4031 1392 4130 propriis

396 4176 561 4254 enarratis
577 4172 749 4249 confectae
765 4173 901 4268 subieci.
