3326 5302
453 549 665 604 ossrurms
683 547 1036 606 snrrusuomns.
1097 556 1101 567 ¹
1209 535 1259 609 77

280 725 433 790 Gartritis
448 723 708 812 phlegmorwidco
729 722 919 809 idiopotbica
940 734 1006 787 est:
1030 733 1061 786 et
1083 721 1205 809 quoties
1219 720 1260 785 de

239 831 412 898 Gastritc‘de
426 832 513 916 apud
526 840 679 909 auctores,
694 829 756 892 alia
766 851 842 892 voce
856 850 919 892 non
933 829 1066 916 adjecta,
1081 828 1198 915 agitur,
1213 826 1261 890 in-

236 936 406 1001 flammatio
420 934 584 1001 ventriculi
600 934 873 1023 ptbgmonotdea,
896 955 1059 1019 nunquam
1080 954 1144 998 non
1167 932 1261 1019 signi-

236 1043 355 1110 fiatur.

317 1349 470 1416 LXXX.
495 1349 752 1416 GASTRITIS
774 1347 1179 1416 ERYTHEMOIDEA.

289 1532 744 1628 Dur1N1u10.-Pyrexis
759 1530 892 1606 levior:
918 1531 1026 1619 dolor,
1042 1531 1156 1627 qualis
1167 1554 1258 1629 gas-

241 1649 369 1725 satida
394 1646 719 1748 phlegmoaoidcoe
743 1649 930 1745 contingit,
959 1657 997 1722 at
1021 1648 1141 1720 minus
1167 1670 1259 1721 acer·

239 1768 329 1842 bus:
355 1766 486 1840 ardoris
503 1789 623 1839 sensus
639 1765 728 1838 circa
740 1763 973 1839 ventriculum
992 1764 1160 1860 insignis:
1186 1787 1260 1836 cae-

242 1894 338 1959 terae
365 1878 541 1968 notarum,
573 1907 660 1980 quas
684 1886 759 1978 jam
789 1882 930 1979 protuli,
959 1883 1124 1958 mitiora:
1161 1882 1260 1955 alvus

243 2003 448 2099 plerumque
463 2001 552 2086 fusa
569 2011 676 2098 atque
692 2000 809 2075 fauces
825 1999 1050 2074 rubicundae.

291 2121 429 2195 Cnosn
442 2110 979 2195 cour1nuns.-Membrauae
987 2119 1174 2193 ventriculi
1184 2144 1262 2192 mu·

243 2263 341 2314 cosae
355 2239 597 2313 inflammatio.
979 2286 982 2290 -

305 2357 350 2421 N.
366 2357 608 2421 Bs-Gmmtts
632 2355 858 2442 ayttemotdea
886 2377 950 2419 non
974 2354 1033 2418 nisi
1059 2356 1107 2419 uti
1132 2356 1264 2420 aliorum

391 2462 572 2526 morborum
584 2461 719 2547 signum,
729 2460 867 2525 accidere
882 2461 979 2525 solet:
994 2484 1116 2547 nempe,
1126 2466 1266 2528 aarum

388 2569 456 2654 jam
477 2568 623 2644 ineuntis,
646 2578 742 2651 atque
765 2568 907 2629 rubeoloe
921 2567 989 2652 jam
1010 2567 1169 2630 abiturae:
1193 2589 1266 2630 cum

390 2674 472 2736 enim
494 2672 691 2734 membranae
711 2691 851 2732 mucosus
873 2691 945 2732 cum
960 2682 1032 2735 cute
1051 2693 1135 2734 nexu
1156 2673 1267 2737 intimo

391 2776 640 2854 committuntur,
662 2772 866 2837 inflammatio
886 2772 976 2837 facile
997 2775 1038 2838 ab
1059 2775 1116 2840 hac
1136 2777 1178 2842 ad
1198 2779 1266 2843 illas

393 2883 587 2949 transfertur.
643 2883 765 2947 Fauces
795 2882 912 2946 rubent
940 2882 1093 2969 alvusque
1117 2883 1200 2963 fluit,
1229 2909 1267 2950 eo

391 2990 479 3078 quod
492 2989 742 3055 inflammationis
756 2988 998 3076 oytbemoideae
1012 3001 1059 3056 est
1072 3014 1168 3077 quarn
1182 2993 1267 3058 latis-

386 3098 467 3162 sime
490 3108 615 3185 patere:
639 3119 720 3183 quae
745 3096 816 3160 ideo
841 3119 966 3161 sursum
991 3108 1022 3162 et
1043 3098 1188 3164 deorsum
1208 3124 1265 3187 per

392 3203 530 3267 alimenti
544 3214 681 3268 meatum
696 3203 878 3267 universum
892 3202 1000 3267 tendit.

473 3507 645 3573 LXXXI.
671 3509 1024 3575 GASTRODYNiA.

294 3694 697 3770 mmmmm-Citra
720 3690 933 3789 parociam,
959 3691 1058 3764 dolor
1075 3692 1277 3769 ventriculi

245 3816 495 3902 acerbissimus,
512 3817 629 3889 subito
654 3836 849 3885 accessurus
870 3822 907 3886 et
929 3813 1150 3902 decessurum
1177 3842 1261 3914 quo.

244 3937 297 4010 vis
324 3947 515 4031 premente,
542 3933 653 4006 calore
683 3931 824 4004 admoto
853 3933 1069 4030 ingestisque
1097 3936 1260 4025 stimulis,

244 4051 446 4151 augendus:
472 4052 603 4124 viribus
620 4050 724 4123 simul
745 4049 860 4147 lapsis
879 4053 1023 4125 artubus
1040 4052 1260 4150 frigentibus,

243 4169 417 4266 pulsuque
449 4166 559 4240 cordis
588 4179 624 4240 et
653 4167 856 4241 arteriamm
886 4168 1071 4255 imbecillo,
1096 4181 1131 4242 et
1161 4196 1261 4265 saepe

244 4286 352 4361 tardo.
