3276 5194
221 613 224 616 ’
345 627 401 680 nn
421 629 515 682 cnsr
536 629 817 682 nrunoouum
836 628 1118 705 sunrnunnro.
1194 615 1266 682 355

241 803 378 889 resolvi,
396 804 619 878 metallorum
636 803 866 901 sulphurem
882 805 1052 877 demissis.
1105 806 1190 889 Quo
1206 827 1267 876 ex-

241 921 358 1016 emplo
381 934 471 1008 utar,
500 923 528 995 si
551 947 641 1018 aqua
666 919 896 1020 hydrogeuio
911 920 1136 1019 sulphurato
1157 921 1265 994 inlec-

243 1045 280 1131 ta
297 1036 432 1111 aretati
454 1035 607 1136 plumbo
629 1038 799 1113 dissoluto
824 1038 1038 1121 affunditur;
1064 1040 1265 1134 proximum

239 1166 306 1240 est,
324 1167 377 1242 ut,
394 1165 535 1231 ucetote
543 1165 720 1255 petasone
736 1156 829 1232 facto
853 1169 891 1231 et
913 1166 1173 1254 supernatante,
1189 1153 1265 1229 rul-

236 1272 441 1371 phuretum
463 1274 608 1375 plumbi
636 1301 799 1373 praeceps
828 1276 989 1351 decidat:
1024 1276 1130 1350 simul
1159 1285 1265 1370 atque

240 1393 336 1464 enim
358 1415 436 1490 gar
461 1396 681 1490 propositum
707 1405 743 1467 et
766 1394 931 1492 ooepdoun
948 1393 1084 1469 metalli
1101 1395 1265 1467 conveni-

240 1522 330 1594 unt;
355 1511 542 1611 orygenio
558 1511 675 1607 hujus,
701 1524 738 1586 et
760 1510 990 1610 lcpdrcgem'o
1013 1512 1109 1584 illius
1125 1511 1264 1607 proprio

118 1728 121 1734 Α
237 1633 458 1716 οοὸυηῖίὺιιε,
472 1632 514 1702 fit
531 1654 645 1725 aqua3
674 1629 842 1725 sulphure
857 1641 979 1703 autem
996 1641 1033 1702 et
1049 1627 1193 1702 metallo
1209 1629 1263 1699 in·
1359 1700 1362 1703 ,
1422 1684 1425 1691 -

237 1758 292 1817 ter
309 1771 345 1818 se
361 1748 575 1831 consociatio,
593 1743 853 1843 sulphuretum
870 1734 1062 1819 conficitur.

253 2107 473 2170 CCCLXVI.
513 2107 577 2170 DE
610 2106 764 2171 SIGNIS
792 2102 1113 2171 HYDROGENIO
1142 2101 1244 2170 SUL.

321 2230 554 2296 PHURATO
587 2231 791 2297 CORPORI
823 2230 1064 2294 ADHIBITO
1097 2230 1244 2293 EXOR·
1349 2288 1351 2292 ,

288 2383 293 2390 ·
318 2358 407 2420 TIS.

283 2542 373 2613 GAs
391 2563 713 2615 urunosunrum
732 2563 1042 2614 suuruunnuum
1056 2567 1127 2614 non
1145 2540 1259 2614 solum

232 2662 398 2756 spiritum
414 2661 648 2735 intercludere
664 2671 781 2757 potest
800 2662 843 2750 (si
861 2661 992 2734 animal
1009 2684 1049 2733 eo
1066 2658 1259 2732 circumde-

233 2784 318 2874 tur),
332 2778 434 2851 aditu
446 2780 536 2852 aeris
548 2779 743 2851 circumflui
756 2779 984 2876 denegando:
1002 2804 1123 2851 verum
1137 2779 1256 2861 etiarn,

232 2899 284 2969 ita
297 2900 430 2994 corpori
443 2898 625 2971 admotum
638 2911 680 2971 ut
693 2899 876 2994 respiratio
889 2922 961 2970 non
971 2900 1139 2994 quiescat,
1156 2896 1257 2970 facile

231 3026 271 3089 et
287 3017 356 3088 cito
373 3012 541 3088 humores
555 3017 810 3089 circumeuntes
827 3018 934 3102 subit,
953 3026 989 3089 et
1007 3016 1135 3088 exinde
1151 3040 1257 3111 geue-

230 3135 278 3206 ris
289 3137 424 3206 nervosi
435 3135 581 3217 sedandi
593 3138 879 3230 potentissimum
888 3149 954 3209 est
983 3135 1082 3210 Raro
1093 3134 1256 3232 equidem

229 3250 380 3325 chemici
396 3264 458 3325 aut
475 3251 602 3324 medici
619 3254 868 3348 experimentis
885 3255 1062 3326 institutis
1075 3257 1164 3328 vires
1181 3259 1255 3350 ejus

232 3370 396 3443 exitiosas
423 3368 689 3466 compererunt3
717 3394 807 3471 quae
832 3380 951 3442 tamen
974 3371 1059 3442 satis
1083 3394 1255 3466 superque

230 3486 375 3561 aliunde
391 3490 550 3584 cognosci
573 3497 729 3585 possunt.
784 3487 908 3573 Multi,
938 3489 1032 3573 inter
1048 3487 1179 3560 cloacas
1196 3513 1255 3561 ex·

232 3606 442 3702 purgandas,
473 3607 662 3703 derepente
696 3607 888 3701 perierunt,
917 3607 1027 3679 animi
1061 3605 1256 3680 defectione

230 3726 379 3822 aliisque
396 3728 523 3799 virium
550 3728 667 3800 subito
692 3725 868 3820 lapsarum
890 3727 994 3809 notis,
1021 3728 1123 3798 unice
1138 3724 1254 3798 saturn

229 3847 471 3918 antecessuris.
530 3881 535 3890 ·
625 3938 630 3943 ¹

280 3963 417 4050 Alicui,
443 3964 509 4037 hoc
527 3990 661 4039 veneno
678 3974 854 4061 stupente,
876 3962 1008 4061 optime
1028 3964 1253 4048 succurritur,

231 4085 382 4181 perflatu
406 4084 527 4171 libero,
554 4095 591 4158 et
616 4086 778 4159 remediis
795 4083 1020 4159 refocillando
1038 4088 1157 4183 generi
1174 4107 1253 4156 ner-

231 4225 312 4274 voso
329 4203 621 4276 accommodatis:
648 4204 766 4298 qualia
784 4214 879 4289 sunt,
905 4201 1088 4276 amozonis
1110 4200 1254 4274 naribus

227 4324 401 4411 adhibita,
419 4326 541 4397 vinum
569 4338 631 4398 aut
658 4324 801 4419 spiritus
826 4323 985 4397 Gallicus
1010 4324 1180 4419 ingestus
1199 4322 1255 4396 vel

1000 4463 1028 4512 ,r
1047 4449 1085 4514 2.
