3326 5188
414 566 498 619 νει
516 567 692 620 Aouoso
710 566 838 619 Aemo
856 560 1076 619 Ausuuoso,
1189 554 1261 618 203

245 743 284 813 in
301 743 462 814 manibus
478 766 549 814 non
568 753 644 826 est3
662 743 815 814 vomitus
830 741 994 814 remediis
1009 742 1263 838 potentissimis

245 858 435 943 eliciendus
460 872 534 933 est:
560 858 679 953 qualia
707 868 791 929 sunt
817 859 951 930 semina
967 857 1123 955 Simpls
1143 854 1262 943 albae,
1366 913 1369 919 -

244 971 409 1072 Solploas
425 972 531 1058 zinci,
557 972 724 1070 Sulploos
740 973 861 1071 cupri,
890 973 1055 1047 Tortras
1070 974 1265 1049 ontimooli
1328 1001 1336 1016 ·

245 1105 281 1167 cl
288 1101 474 1192 potassoc.
500 1092 669 1187 'Amplior
685 1092 809 1166 modus
823 1082 1063 1168 concedendus
1075 1105 1140 1180 est,
1150 1094 1265 1168 multa
1357 1121 1363 1130 ·

245 1237 337 1307 equo
361 1209 481 1306 tepida
505 1211 666 1295 admista,
684 1210 910 1308 faucibusque
934 1211 1039 1284 simul
1055 1238 1171 1310 penna
1187 1214 1264 1285 irri-

247 1330 343 1401 tatis.
392 1326 472 1401 Nec
489 1352 569 1399 vero
585 1326 690 1400 celari
708 1339 856 1423 oportet,
873 1326 1077 1423 perdifficile
1102 1355 1175 1402 esse
1199 1327 1266 1402 hoc

246 1437 421 1519 venenum
451 1445 602 1540 cujusvis
628 1469 695 1539 ope
722 1443 870 1515 remedii
900 1444 1095 1516 ventriculo
1120 1446 1265 1539 penitus

245 1563 460 1667 subduccre}
477 1562 653 1657 siquidem
669 1586 774 1663 grave
792 1572 855 1644 est„
873 1584 936 1632 nec
949 1559 1126 1632 dissolutu
1141 1560 1267 1634 sociis:

192 1682 195 1691 ’
246 1682 395 1777 ideoque
411 1706 490 1776 pars
504 1706 576 1752 uon
597 1704 697 1752 succo
715 1678 900 1753 ventriculi
916 1679 1032 1751 soluta
1049 1680 1146 1774 rogis
1162 1677 1268 1778 bujus

247 1800 384 1874 irretita
399 1799 498 1872 latet.

297 1915 472 2013 Liquores
499 1915 688 1987 mulcendo
717 1913 836 1986 idonei
865 1912 974 1986 darrdi
1005 1925 1113 1987 sunt:
1150 1916 1269 2010 quales

250 2046 332 2109 sunt
349 2060 439 2130 aqua
460 2032 606 2131 gluomi
621 2032 786 2105 Aeacide
803 2030 973 2104 niloticae
991 2034 1136 2118 imbuta,
1152 2037 1269 2130 etqui

250 2165 333 2227 sunt
346 2152 558 2225 istiusmodi.

236 2352 240 2358 .
299 2271 460 2357 Quidam
478 2293 651 2353 venenum
676 2269 771 2339 iners
795 2267 940 2339 reddere
965 2270 1142 2353 nituntur,
1159 2292 1267 2343 reme-

251 2389 319 2461 diis
340 2386 448 2470 datis
464 2410 510 2457 ex
528 2386 655 2480 quibus
678 2409 760 2456 com
778 2409 819 2456 eo
834 2386 974 2458 sociaris
994 2387 1057 2459 fiet
1073 2398 1201 2460 ustum
1217 2389 1271 2458 io-

250 2528 371 2578 nocua.
424 2501 588 2573 Multum
606 2501 721 2595 lugeo,
741 2501 838 2594 quod
863 2527 946 2574 usus
964 2501 1050 2576 haec
1069 2528 1193 2597 parum
1208 2508 1272 2596 ju-
1321 2514 1324 2517 ’

251 2647 331 2695 vare
347 2619 549 2692 edocuerit:
576 2642 640 2688 nec
657 2618 747 2687 ratio
764 2617 854 2687 latet
869 2616 976 2709 hujus
993 2621 1062 2690 rei:
1088 2621 1271 2715 imprimis,

252 2763 332 2836 pars
358 2736 485 2824 saltem
504 2734 629 2806 veneni
655 2732 728 2805 oito
754 2732 984 2818 absorbetur3
1011 2736 1049 2806 id
1078 2748 1142 2821 est,
1159 2726 1272 2833 priu's.

253 2881 357 2952 quam
384 2879 425 2927 ee
444 2851 599 2925 remedia
627 2850 703 2922 dari
730 2850 875 2946 possint.
927 2849 1083 2937 Deinde,
1101 2853 1272 2948 quaedam

253 3000 297 3049 ex
313 2973 370 3047 his
385 2998 524 3070 prorsus
540 2969 685 3042 inutilis
702 2979 796 3053 suut,
810 2969 924 3041 veluti
938 2966 1191 3044 subaremus
1208 2995 1274 3068 po-

252 3102 376 3168 lassae
388 3104 455 3166 eut
467 3089 604 3172 codam
622 3115 663 3161 co
680 3087 773 3184 quod
790 3113 844 3160 res
860 3112 970 3161 novae
987 3088 1071 3160 iude
1086 3088 1273 3176 confectae,

255 3208 398 3291 seilicet,
415 3206 562 3279 arseciis
580 3215 758 3302 potassce
773 3214 837 3277 aut
853 3202 973 3289 seduc,
991 3205 1051 3275 vix
1067 3205 1186 3277 miuus
1201 3208 1276 3278 exi-

256 3328 365 3399 tiosae
383 3335 475 3408 sunt,
494 3348 599 3418 quam
619 3345 793 3393 venenum
819 3321 935 3417 ipsum
959 3323 1066 3417 prius·
1082 3333 1273 3418 acceptum,

256 3443 379 3525 Porro,
397 3440 467 3523 alia
492 3450 575 3512 sunt
599 3440 732 3532 inepta,
749 3462 820 3509 uon
845 3438 957 3510 solum
975 3440 1019 3510 ob
1036 3465 1175 3511 causam
1199 3446 1275 3536 jam

257 3558 413 3641 dictam3
456 3578 577 3626 verum
606 3552 726 3634 etiam,
756 3554 838 3646 quia
863 3577 942 3647 pars
971 3551 1070 3625 acidi
1098 3557 1277 3639 orscoosl,

257 3700 346 3772 quac
373 3673 490 3746 adbuc
517 3682 677 3744 concreta
705 3681 837 3754 manet,
855 3673 914 3742 vix
944 3685 1007 3744 aut
1036 3697 1081 3743 ne
1110 3673 1170 3743 vix
1200 3662 1277 3768 qui-

257 3795 338 3866 dem
367 3817 429 3865 sua
458 3802 581 3886 sponte
605 3810 684 3862 cum
709 3790 753 3861 iis
777 3791 968 3862 consociari
997 3786 1123 3885 potest.
1176 3791 1278 3865 Hinc

256 3911 354 4008 parvi
379 3909 542 3981 existimo
566 3905 828 4005 sulphureique
852 3913 1036 4002 polossoc.
1089 3908 1278 3983 Probabile

258 4038 311 4101 cst
324 4022 456 4097 calcem
469 4049 560 4120 aqua
576 4022 780 4097 dissolutam
799 4047 900 4117 opem
916 4022 1072 4119 polliceri
1089 4050 1171 4119 prae
1187 4024 1277 4109 aliis,

259 4135 430 4239 siquidem
448 4138 595 4214 arsonis
611 4137 721 4213 calcis
737 4139 800 4227 vix¹
814 4165 904 4236 aqua
922 4140 1107 4213 solvendus
1124 4151 1200 4212 est.¹
1304 4139 1307 4143 ’

310 4260 420 4357 Signa
443 4257 742 4341 inflammationis,
760 4258 789 4330 si
806 4256 959 4330 multum
977 4258 1149 4342 saeviunt,
1168 4281 1279 4330 reme-
