3326 5302
259 563 566 618 AMPLIFICATIO
584 564 940 620 HYPER'I'ROPHIAE
958 563 1160 618 ADJECTA.
1206 544 1253 615 65
1289 550 1292 555 ’

229 760 330 824 eoque
353 737 453 824 magis
475 738 673 805 dextrorsum
698 738 866 824 pertinens,
888 761 954 825 quo
977 739 1050 825 plus
1064 735 1255 801 ventriculus

232 843 339 907 laevus
352 842 518 908 dilatetm:
538 844 653 930 ‘pulsus
672 843 857 908 arteniamm
871 843 1035 909 debiliores
1049 855 1081 907 et
1094 841 1255 928 pauciores

229 969 325 1034 quam
339 947 460 1014 cordis:
485 971 576 1036 saepe
589 951 798 1037 haemoptysis
811 947 944 1028 lethalis,
959 949 1009 1013 vel
1022 948 1169 1035 hydrops

172 1256 177 1262 ·
270 1241 391 1307 LXII.
417 1242 773 1311 AMPLIFICATIO
794 1241 1210 1347 HYPERTROPHIAE

622 1350 855 1416 ADIECTA.
968 1393 972 1397 -

281 1531 653 1606 Damam-cor
663 1532 720 1606 vel
732 1532 879 1628 quodvis
890 1534 967 1628 ejus
978 1533 1146 1605 atriorum
1161 1555 1251 1619 crass
1374 1576 1378 1581 ·

227 1650 314 1734 sius,
332 1673 415 1722 savo
432 1647 539 1722 simul
555 1647 777 1744 amplificato,
794 1646 943 1721 valvulis
958 1647 1030 1720 sere
1046 1646 1191 1720 vitiosis.

289 1764 338 1829 N.
349 1766 510 1829 B.-Hoe
520 1763 633 1828 vitium
645 1766 875 1828 Convisaanm
880 1785 907 1842 s,
916 1763 1197 1850 Amplqflcooiooem
1205 1784 1255 1828 uc-

188 1937 191 1942 ,
309 1896 325 1949 ‘.
379 1852 479 1936 tivum
493 1882 602 1946 vocat3
625 1893 738 1958 parum
757 1881 851 1949 recte,
866 1870 900 1934 ui
921 1870 1032 1934 fallor:
1055 1869 1091 1933 id
1104 1869 1186 1933 enim
1199 1892 1255 1934 no·

378 1998 450 2040 men
464 1975 546 2039 vires
560 1974 662 2065 sordis
682 1975 801 2041 intendi
810 2006 816 2014 ¹
824 1975 961 2059 iudicare
974 1976 1117 2040 videtin:
1141 1984 1264 2056 cavum

374 2094 484 2149 ¹autem
492 2082 717 2167 amplificatum
727 2104 800 2146 cum
809 2082 930 2146 vin‘bus
937 2083 1037 2148 auctis
1046 2082 1154 2146 sociali
1162 2081 1256 2166 plane

381 2210 445 2252 non
464 2199 584 2274 potest:
609 2188 762 2274 siquidem
777 2210 830 2251 eor
845 2188 995 2274 sanguine
1008 2187 1179 2252 admodum
1192 2187 1255 2252 dis-

379 2291 476 2371 tendi,
491 2291 624 2377 ideoque
646 2291 785 2377 ejusdem
810 2291 994 2379 projiciendi
1015 2293 1169 2380 impotens
1190 2317 1255 2358 esse

377 2397 492 2484 arguit.
538 2400 603 2462 Cor
624 2397 707 2462 enim
726 2398 815 2485 justo
829 2398 963 2483 plenius,
978 2399 1116 2486 aliquam
1129 2423 1254 2465 causam

294 2555 297 2563 .
377 2505 499 2569 exitum
513 2504 672 2590 sanguinis
685 2504 846 2590 impedire,
861 2505 896 2569 id
909 2517 967 2582 est,
982 2506 1134 2569 astionem
1148 2529 1255 2570 sanam

295 2630 299 2635 ’
376 2609 481 2673 sordis
503 2609 713 2685 imminutam,
729 2608 866 2692 insignit.
913 2609 1053 2671 Iuduoor
1074 2609 1183 2692 igitur,
1198 2610 1254 2695 qui
1265 2674 1270 2683 ,

379 2712 530 2800 judicem,
545 2712 610 2776 vim
624 2710 726 2773 sordis
741 2732 862 2796 semper
882 2704 1036 2789 imminui,
1051 2711 1173 2797 quoties
1187 2714 1255 2800 ejus

377 2839 491 2882 cavum
505 2816 542 2881 fit
555 2815 715 2903 grandius.
763 2818 852 2880 Inter
873 2827 1015 2880 auctores
1025 2816 1068 2880 de
1082 2817 1178 2905 signis
1194 2818 1254 2881 hu·

372 2925 430 3012 jus
437 2923 507 2988 vin'i
520 2946 583 2988 nou
597 2922 759 2987 convenit:
776 2924 818 2987 ob
831 2924 912 2988 hane
926 2947 1061 3003 causam,
1074 2935 1111 2989 ut
1122 2924 1251 3011 opinor;

377 3031 465 3118 quod
475 3034 782 3096 Huananaoaumu
793 3042 825 3094 et
833 3033 1170 3097 Auammcanmnuu
1181 3034 1253 3099 HY-

380 3126 620 3202 nsanaoemsu
637 3157 820 3201 ausuouau
836 3136 961 3202 interae
974 3138 1180 3202 confuderint.

268 3339 378 3384 smus
398 3306 704 3383 aunn1s1osu1ou1s
724 3339 1009 3385 nunuunnoeumn
1026 3343 1213 3388 Ausucum.

270 3420 459 3487 ventriculis
472 3421 601 3500 affectis,
611 3421 715 3484 omnia
729 3424 817 3507 signa
830 3425 1076 3510 amplificationis
1085 3430 1153 3511 jam
1167 3429 1260 3490 diota

223 3533 282 3614 (P.
296 3528 350 3596 64.
374 3530 471 3596 LXI.
487 3531 532 3605 A,
549 3530 614 3614 B.),
637 3526 808 3613 quinetiam
831 3528 942 3612 pulsus
965 3530 1066 3592 cordis
1090 3530 1250 3615 aliquanto

224 3637 358 3723 plenior,
374 3659 495 3716 sonans,
510 3655 566 3721 per
580 3633 720 3718 amplum
736 3632 871 3717 spatium
885 3632 1110 3719 percipiendus.
1267 3672 1271 3677 -

370 4002 373 4007 f
423 3930 562 3994 LXIII.
586 3928 850 3994 MOLLITIES
874 3930 1077 3997 CORDIS.'

281 4112 667 4203 Duulumloe-Con
682 4113 797 4200 molle,
829 4064 1023 4202 flaccidum,
1053 4078 1244 4190 ‹iilaoeiatu

230 4230 342 4318 facile,
359 4230 531 4328 pallidum
549 4244 610 4307 aut
627 4233 844 4306 subflavmu:
870 4233 941 4307 sere
958 4234 1218 4330 amplificatum

1035 4390 1056 4433 Ε
