3326 5302
658 564 881 617 runuussrs.
1233 546 1284 610 aa

262 739 496 843 pneumonia.
549 737 672 811 Multo
690 739 889 833 saepissime
912 737 950 807 in
977 733 1183 806 effusionem
1204 729 1287 803 lati·
1317 785 1326 795 ,

172 914 176 919 .
260 858 313 928 cis
338 856 477 947 (xurn,
502 853 555 950 d),
581 880 653 927 non
674 850 982 951 hepatizatioaem
997 860 1063 922 aut
1078 849 1285 932 abscessum,

263 973 429 1046 desitura
519 1007 523 1013 ·

313 1089 454 1163 Causa
470 1108 712 1162 courrrauns
738 1097 838 1185 patet
864 1111 908 1158 ex
933 1084 1161 1158 definitione:
1190 1080 1285 1154 scili-

264 1219 331 1293 cet,
349 1219 403 1281 est
419 1208 651 1281 inflammatio
669 1208 761 1281 telae
778 1230 981 1280 cavernosae
1002 1215 1039 1276 et
1063 1203 1287 1276 membranae

262 1348 430 1400 macerae
447 1327 633 1424 pulmonis.

325 1443 371 1503 N.
388 1443 615 1504 B.-Habitus
629 1443 768 1522 corporis
782 1443 884 1527 malus
897 1454 929 1505 et
942 1440 1055 1505 debilis
1068 1439 1144 1502 lacit
1164 1448 1201 1499 ut
1215 1436 1291 1499 baec

411 1542 617 1606 inflammatio
628 1541 672 1602 sit
687 1542 855 1603 chronica:
880 1540 1017 1622 satisque
1038 1550 1169 1615 constat,
1192 1560 1291 1621 quan-

357 1638 361 1642 ’
414 1658 450 1708 to
464 1646 564 1730 magis
576 1643 780 1707 inflammatio
795 1643 901 1727 aliqua
914 1643 955 1706 ad
969 1644 1146 1706 chronicam
1166 1641 1291 1704 incline-

413 1761 479 1827 tur,
495 1761 583 1813 tanto
597 1749 692 1814 latius
706 1748 835 1812 eandem
848 1760 957 1836 patere
971 1747 1093 1811 solitam
1108 1768 1180 1809 esse.

566 2048 695 2113 XLVI.
720 2048 985 2113 PERTUSSIS.

317 2230 769 2304 numisma-Morbus
786 2231 976 2328 pestilens:
1001 2231 1105 2303 initio
1118 2230 1218 2326 signa
1230 2250 1288 2301 ca·

265 2345 413 2420 tarrbi:
449 2347 588 2433 deinde,
614 2348 823 2444 quibusdam
853 2348 976 2421 diebus
1004 2350 1146 2435 exactis,
1180 2370 1290 2419 acces-

266 2466 379 2538 siones
396 2465 533 2537 crebrae
551 2464 647 2538 hisce
663 2467 757 2539 notis
770 2458 998 2562 designatae:
1118 2504 1121 2509 <

319 2581 461 2655 Scilicet
477 2583 566 2653 tussi
583 2582 638 2652 sui
655 2582 774 2665 simili,
791 2579 1017 2664 conculcabo,
1035 2580 1288 2675 strangulante,

269 2701 397 2785 crebra,
412 2722 495 2770 sono
514 2695 697 2789 (Anglice,
717 2694 823 2791 boop)
842 2697 936 2767 inter
956 2695 1199 2791 inspirandum
1217 2696 1291 2768 edi·

197 2842 203 2851 ·
268 2827 316 2901 to,
350 2827 387 2889 et
416 2815 549 2911 insigni
575 2812 731 2910 spirandi
762 2813 981 2899 difficultate,
1017 2816 1161 2888 demum
1187 2825 1291 2910 sputo

268 2934 403 3029 copioso
432 2944 496 3005 aut
525 2933 661 3006 vomitu
690 2931 864 3005 finiendis.
916 2931 1190 3007 Accessionibus
1213 2934 1290 3027 jam

266 3051 519 3146 praesentibus,
545 3050 664 3122 vultus
691 3049 855 3147 turgidus
886 3053 1136 3148 sanguinisque
1170 3073 1290 3122 cursus

266 3191 337 3241 non
353 3191 431 3239 raro
447 3190 467 3237 e
484 3167 637 3269 naribus,
655 3191 712 3238 ore
729 3166 786 3239 vel
802 3168 944 3239 auribus
961 3168 1100 3240 adsunt.

319 3282 460 3352 Causa
491 3283 1035 3357 commanus-Inflammata
1068 3286 1291 3357 membranae

268 3418 436 3471 morosae
460 3405 644 3468 meatuum
668 3399 904 3490 spiritalium3
935 3403 1080 3478 demum
1104 3400 1291 3491 musculos,

266 3517 332 3614 qui
350 3513 570 3612 respirationi
587 3512 761 3597 dicantur,
778 3535 925 3610 spasmo
940 3513 1076 3587 conica
1093 3516 1271 3586 affectura.

331 3634 378 3697 N.
395 3629 764 3697 B.-Inflammati0nem
787 3629 984 3692 membranae
998 3650 1139 3694 morosae
1152 3628 1296 3716 contagio

417 3758 587 3823 accensam,
609 3746 731 3820 partem
757 3756 822 3796 esse
850 3734 995 3819 primam,
1022 3734 1072 3798 vel
1099 3736 1190 3822 quasi
1214 3733 1298 3800 radi-

420 3863 498 3919 cem,
520 3840 618 3925 hujus
640 3839 752 3917 morbi,
775 3838 849 3902 satis
871 3850 1027 3903 testantur
1049 3840 1137 3932 signa
1156 3843 1298 3907 catorrbi

422 3966 585 4030 nunquam
600 3966 662 4007 non
677 3966 749 4007 eum
763 3944 922 4008 ineuntem
937 3945 1077 4009 comitari
1093 3947 1201 4022 solita;
1228 3971 1298 4011 neo-

420 4073 484 4114 non
506 4051 625 4115 curatio
648 4050 767 4115 idonea.
813 4052 987 4130 Pammenia,
1010 4076 1060 4116 me
1076 4054 1194 4140 judice,
1217 4054 1297 4140 opti.

419 4176 482 4235 me,
500 4156 678 4222 Catorrboa
692 4158 893 4223 convolsione
908 4159 1094 4224 nominatur.
