3276 5194
363 551 435 617 344
587 566 643 617 nn
662 564 917 619 venusium
935 564 1172 618 rornsnann

366 739 405 809 ni
434 749 558 832 potest.
618 736 775 811 Clremr'ci
803 751 975 811 noverunt
992 726 1384 835 serrohydrocyauas

367 852 714 952 (ferro-borussiae)
726 862 900 951 potamos
925 882 944 926 e
961 856 1132 950 sanguine
1156 851 1385 927 eaubcarbo-
1435 912 1437 916 Α

367 976 456 1044 nale
466 976 641 1067 politanae
658 972 751 1042 inter
768 996 803 1042 se
821 971 1021 1053 commistis,
1047 980 1083 1041 et
1099 969 1181 1042 dein
1204 971 1281 1064 igni
1306 971 1386 1040 sub-

364 1088 480 1180 jectis,
496 1088 687 1180 procreari:
713 1110 784 1157 non
802 1084 895 1180 quod
916 1087 1058 1181 sanguis
1081 1085 1121 1156 id
1144 1083 1301 1167 andum,
1327 1083 1387 1155 sed

366 1203 460 1298 quod
477 1204 632 1299 ejusdem
657 1204 828 1298 principia
850 1202 977 1274 ultima
994 1203 1170 1284 continet;
1196 1225 1240 1273 ex
1258 1202 1384 1296 quibus
1460 1197 1464 1203 ’

370 1321 439 1391 rite
456 1320 662 1391 coeuntibus
683 1318 750 1390 hoo
766 1316 913 1390 acidum
929 1318 980 1389 fit.
1031 1318 1253 1402 Quinetiam,
1279 1317 1389 1410 suspi-

372 1435 440 1505 cari
470 1434 564 1518 licet,
593 1443 709 1528 partes
738 1433 910 1528 quasdam.
932 1431 1149 1516 animalium,
1174 1431 1389 1525 praesertim,

373 1551 551 1622 cerebrum
569 1559 675 1644 atque
693 1561 786 1633 exta,
813 1547 993 1621 interdum
1019 1571 1152 1619 veneno
1177 1549 1231 1618 sui
1255 1548 1391 1641 generis
1487 1570 1502 1596 ,-

375 1689 438 1737 sua
455 1674 578 1759 sponte
595 1664 687 1744 sacto
703 1666 890 1759 inquinata
904 1665 1001 1748 fieri3
1029 1663 1123 1759 quod
1138 1686 1253 1757 neque
1274 1675 1393 1758 putre-

374 1778 468 1862 dine,
494 1803 607 1875 neque
624 1781 752 1852 morbis
774 1780 991 1876 praegressis,
1008 1780 1172 1851 nascitur.
1225 1778 1395 1851 Knaus-

369 1914 450 1966 -uos
467 1894 624 1967 medicus
641 1895 1060 1966 Vonnnmannonnsrs
1077 1894 1270 1979 contendit,
1291 1892 1396 1967 ‚farci-

377 2011 485 2110 mina,
512 2007 631 2091 idest,
650 2033 768 2080 carues
786 2010 877 2079 extis
894 2008 1055 2091 inclusas,
1075 2008 1203 2101 qualia,
1231 2009 1395 2104 Anglice,

379 2135 400 2164 ‘⁶
415 2123 571 2196 Smoked
582 2147 743 2218 sansages
753 2130 770 2157 ’'
788 2135 967 2208 vocantis,
981 2126 1107 2218 quibus
1121 2124 1294 2197 Germani
1301 2118 1398 2198 'vesci

381 2241 504 2326 solent,
521 2266 685 2337 persaepe
702 2242 850 2315 exitiosa
865 2242 951 2313 fieri.
979 2240 1159 2314 Memorat
1176 2228 1400 2338 septuaginta

380 2369 417 2429 et
442 2381 503 2428 sex
528 2354 701 2440 homines,
726 2359 874 2453 ingestis
901 2359 979 2430 istis
1005 2356 1255 2446 farciminibus,
1282 2385 1400 2454 aegro·

382 2464 512 2552 tasse3'
529 2493 718 2564 eorumque
749 2472 900 2565 triginta
932 2482 968 2542 et
1002 2483 1136 2566 septem
1170 2475 1399 2546 succubuisse.

383 2585 489 2657 Haec
503 2584 686 2656 farcimina
703 2585 806 2677 modo
823 2610 953 2670 carnes,
970 2585 1073 2658 modo
1091 2588 1280 2671 cerebrum,
1300 2588 1403 2659 modo

383 2701 586 2797 pulmonem
604 2713 667 2774 aut
680 2706 790 2797 Jecur,
807 2702 940 2773 bubula
958 2702 1012 2774 vel
1029 2703 1181 2797 porcina,
1199 2703 1403 2779 continent:

386 2842 571 2912 quaerero
588 2843 631 2890 ex
652 2821 807 2912 jecinore
830 2829 1003 2911 constant,
1028 2845 1110 2916 prae
1136 2821 1280 2892 caeteris
1304 2844 1405 2893 vene-

385 2935 503 3007 nando
520 2947 603 3031 apta
627 2960 701 3009 csse
717 2936 888 3009 feruntur.
942 2938 1045 3022 Quid
1071 2949 1190 3010 tamen
1218 2950 1281 3010 aut
1304 2938 1407 3032 quale

387 3057 653 3139 sitvenenum,
676 3055 803 3127 medici
833 3055 992 3126 nondum
1017 3055 1180 3150 detegere
1204 3066 1405 3150 potuerunt.

387 3170 649 3242 Farciminibus
663 3174 707 3243 ab
721 3170 907 3255 CaunTO,
925 3169 1079 3244 chemico
1089 3171 1282 3243 Parisiensi
1298 3171 1406 3244 intro·

389 3286 526 3381 spectis,
551 3285 642 3358 nibil
669 3288 849 3360 exitiabile
866 3288 1018 3383 prodiit:
1044 3313 1157 3383 neque
1175 3287 1288 3359 ullum
1306 3312 1408 3360 vene·

387 3428 474 3474 num
509 3414 584 3477 arte
616 3401 772 3475 adamica
806 3401 1149 3498 deprehendendum,
1191 3415 1408 3476 mortuorum

335 3565 338 3568 -
388 3520 585 3615 corporibus
602 3519 763 3615 scalpello
775 3519 970 3613 patefactis,
979 3508 1124 3616 xreperiri
1141 3522 1268 3614 potuit.
1295 3519 1425 3618 Haud·

389 3639 462 3708 veri
480 3649 533 3710 est
550 3635 719 3720 absimile,
745 3649 838 3720 exta,
864 3636 904 3708 id
922 3649 985 3721 est,
1009 3638 1179 3709 intestina
1196 3638 1322 3731 quibus
1338 3661 1412 3708 car-

390 3777 453 3822 nes
477 3752 719 3836 includuntur,
746 3754 864 3848 potius
890 3775 996 3846 quam
1021 3737 1143 3824 'carnes
1169 3754 1260 3846 ipsas
1286 3754 1413 3824 veneni

393 3889 466 3936 esse
484 3867 622 3937 sedem:
649 3867 820 3962 siquidem
839 3867 933 3952 feles,
951 3891 1063 3950 canes,
1090 3891 1170 3939 aves
1187 3878 1293 3960 atque
1309 3870 1414 3962 porci,

392 3982 546 4077 piscium>
567 3985 659 4053 extis
684 3986 824 4068 voratis,
851 4008 951 4077 saepe
967 3994 1139 4078 pereunt;
1172 3986 1238 4055 etsi
1255 3982 1415 4056 homines

393 4099 583 4173 eorundem
600 4099 748 4193 piscium
766 4123 884 4171 carnes
902 4101 1046 4195 impune
1063 4103 1296 4196 ingesserunt.
1376 4158 1379 4165 .

439 4217 614 4314 Ejusdem
632 4215 795 4289 animalis
816 4215 901 4289 alias
926 4229 1043 4313 partes
1059 4219 1199 4291 nocivas
1216 4241 1300 4302 esse,
1328 4217 1413 4293 alias
1459 4204 1463 4210 ¹
