3276 5194
299 604 303 611 ι
377 526 453 593 324'
595 538 650 592 DE
668 538 829 596 ATROPA
846 538 1141 595 BELLADONNA'.

426 831 680 903 CCCXXXVL
715 833 778 897 DE
796 831 993 897 ATROPA
1013 831 1331 902 BELLADONNA

712 960 1014 1028 DETEGENDA.
1323 970 1326 979 ⁴

429 1149 468 1225 Si
479 1177 569 1249 puer
583 1150 639 1223 vel
654 1147 771 1247 puella
794 1149 912 1222 baccas
934 1148 1209 1247 ingurgitaverit,
1226 1159 1264 1223 et
1285 1148 1380 1223 mul-

379 1282 457 1347 tum
472 1270 687 1356 evomuerit3
712 1266 779 1343 hae
804 1267 896 1341 sordi
917 1271 1045 1365 ejectae
1060 1268 1240 1343 immixtae
1256 1269 1376 1346 statim
1423 1324 1430 1339 .

380 1387 600 1487 deteguntum
650 1385 759 1474 Quod
782 1385 936 1484 siaeger
951 1409 1021 1458 non
1037 1387 1170 1461 vomitu
1185 1397 1375 1485 torquetur,

379 1507 511 1594 baccae,
523 1505 685 1581 cadavere
699 1505 918 1603 introspeeto,
930 1503 1119 1580 ventriculo
1135 1515 1196 1579 aut
1211 1506 1377 1579 intestino

379 1626 491 1701 inesse
514 1624 781 1723 sonspieiuntur.
841 1622 880 1697 Si
907 1621 1011 1697 homo
1039 1624 1171 1722 sopiam
1198 1625 1376 1724 ingentem

379 1743 485 1843 hujus
500 1745 626 1820 veneni
650 1744 844 1841 sumpserit,
869 1741 1041 1819 medicum
1063 1743 1244 1843 atropium
1264 1754 1378 1841 extm-

378 1865 462 1940 here
476 1865 667 1963 oportebitz
693 1863 833 1950 seilicet,
850 1862 944 1947 folia,
959 1864 1081 1939 bsmse
1093 1874 1156 1938 sut
1166 1865 1266 1938 radix
1280 1864 1379 1963 plau·

380 1996 438 2060 tae
462 1995 638 2080 suspectae
660 2006 704 2055 ex
729 2007 820 2079 equs
843 1982 1028 2079 purissima·
1047 1982 1267 2081 demquenda
1283 1997 1374 2060 sunt.

380 2105 529 2203 Liquori
557 2102 638 2179 dein
667 2102 788 2189 solato,
816 2113 920 2199 atque
948 2100 1129 2207 albumiue
1154 2108 1289 2201 privato
1313 2131 1373 2204 ope

380 2221 479 2300 acidi
501 2219 704 2323 sulyshuriei
731 2222 868 2320 adjecti,
893 2230 1047 2321 potasse
1075 2224 1288 2301 effundende
1312 2237 1378 2313 est,-

380 2343 465 2418 dum
482 2342 614 2440 aliquid
629 2341 924 2440 praecepseadere
940 2342 1083 2418 desinet
1126 2343 1198 2419 Rei
1214 2345 1381 2444 dejectae,¹

379 2463 475 2562 prius
502 2486 591 2559 eque
616 2462 798 2559 purissima
822 2459 924 2546 lotae,
954 2461 1206 2537 affimdendum
1235 2466 1380 2542 acidius

380 2581 632 2659 murmtieum:
657 2582 709 2656 ita
723 2583 765 2654 fit
779 2579 920 2655 murias
934 2581 1110 2681 atropiae,
1126 2585 1220 2682 quod
1233 2587 1377 2664 dissolu-

380 2716 457 2780 tum
489 2703 600 2777 latet:
637 2699 816 2777 ammonia
841 2699 924 2774 huic
952 2700 1097 2799 adjecta»
1113 2707 1294 2805 atropium
1317 2708 1376 2783 de.

379 2825 505 2900 mittit.

428 2940 593 3040 Αἰναρία
609 2951 663 3014 est
677 2938 833 3025 candida,
858 2938 1051 3036 chrystallis
1065 2942 1265 3040 gracillimis
1280 2970 1377 3043 prse-

380 3059 466 3147 dita,
489 3058 662 3156 insipida:
688 3082 777 3155 eque
797 3056 926 3155 fiigids
947 3084 1068 3157 parum
1085 3064 1159 3159 ejus
1174 3064 1302 3140 solvere
1315 3093 1375 3164 po-

379 3189 469 3256 test:
494 3175 630 3252 alcotd
644 3201 779 3276 quoque
794 3176 961 3276 frigidum
984 3204 1084 3277 perse
1107 3208 1185 3257 eam
1207 3167 1372 3274 dissolvit}

381 3297 585 3374 calefactum
600 3321 645 3373 ex
658 3295 753 3372 fusili
774 3308 810 3372 et
829 3284 984 3374 multum
998 3301 1111 3400 liquet
1126 3326 1135 3375 ε
1161 3316 1265 3404 atque
1280 3333 1320 3383 00
1335 3308 1387 3381 lis

381 3444 486 3520 quere
502 3416 662 3516 fiigente,
677 3418 825 3518 atropia
839 3443 902 3492 sua
917 3433 1039 3518 sponte
1053 3419 1239 3501 deseendit

440 3735 717 3804 CCCXXXVII.
750 3735 814 3802 DE
835 3736 1068 3804 REMEDIIS
1091 3740 1305 3807 UTENDIS.

430 3921 514 3995 Hoc
529 3946 661 3996 veneno
685 3923 831 4021 ingesto,
860 3947 964 4022 quam
985 3926 1137 4022 primum
1151 3929 1302 4010 vomitus
1317 3931 1382 4005 elie

380 4045 411 4120 ei
437 4042 550 4128 debet,
577 4065 731 4114 concesso
755 4041 922 4142 sulpiate
944 4042 1040 4119 zinci
1060 4059 1121 4121 aut
1137 4045 1306 4149 sulphate
1320 4078 1380 4127 eu-

380 4167 445 4267 pri,
462 4175 524 4239 aut
539 4161 607 4238 alio
622 4161 874 4239 medicamento
889 4163 958 4240 hue
973 4177 1063 4266 apto.
1115 4169 1153 4243 Si
1169 4170 1379 4248 instrumen-

380 4295 468 4374 tum,
493 4284 549 4360 eui
570 4307 696 4360 nomen
719 4291 742 4326 “
755 4282 1069 4387 stenwelt-ptume?
1084 4289 1123 4363 in
1138 4289 1299 4366 manibus
1314 4302 1378 4393 est,
