3276 5194
406 567 463 618 nn
483 566 706 621 urnsnnrn
725 566 866 627 runnu
884 566 1109 623 conrnoro.
1196 551 1269 624 361.

245 740 397 813 dentur:
424 749 446 780 “
471 739 623 812 Halitus
647 741 832 836 pestiferus
858 744 1160 819 avasis‘summae
1176 741 1269 819 cutis'

247 867 310 930 eut
326 857 523 930 fistularum
540 858 924 952 spiritalium'extimis,
951 861 1074 955 quovis
1090 860 1203 958 typho
1219 861 1269 934 fe

246 980 444 1063 bricitante,
471 988 655 1064 excretus3
682 980 743 1074 qui
770 1004 792 1052 a
817 980 910 1051 sanis
934 980 1132 1075 corporibus
1148 1004 1268 1075 accep-

246 1107 304 1169 tus
333 1095 489 1191 ejusdem
512 1095 618 1168 febris
645 1095 837 1170 movendae
860 1107 985 1192 potens
1014 1101 1097 1168 est.''
1149 1095 1265 1182 Cutis,

245 1237 290 1286 en
307 1213 429 1310 pulmo
452 1213 519 1285 hoc
535 1215 657 1285 tabum
674 1225 850 1298 excernat,
866 1239 990 1310 porum
1007 1212 1170 1309 equidem
1187 1239 1266 1287 con-

246 1341 339 1403 stat:
365 1329 461 1401 hunc
477 1340 597 1403 tamen
613 1331 731 1427 potius
748 1355 855 1426 quam
871 1331 981 1417 illam,
1007 1337 1083 1426 ejus
1099 1356 1173 1404 esse
1190 1330 1266 1404 fon-

245 1459 329 1532 tem,
356 1473 396 1520 eo
420 1448 590 1542 conJioi03
618 1447 712 1542 quod
727 1447 855 1520 medici
872 1448 975 1521 aliive
992 1448 1068 1520 sani
1084 1447 1266 1522 febrienti-

245 1568 311 1639 bus
337 1566 504 1639 interesse
521 1567 626 1651 soliti,
653 1565 767 1638 multo
793 1567 929 1662 saepius
954 1567 992 1638 iu
1019 1566 1151 1639 febrem
1176 1568 1265 1638 inci-

245 1684 347 1768 dunt,
375 1686 404 1758 si
431 1684 593 1781 spiritum
620 1686 664 1756 ab
688 1686 801 1780 aegris
825 1686 1003 1769 emissum,
1020 1683 1113 1756 nihil
1130 1695 1263 1779 perter-

244 1804 316 1888 riti,
342 1801 514 1887 inhalant,
541 1803 697 1898 quamsi
724 1801 842 1874 studio
872 1825 1009 1875 summo
1029 1802 1181 1874 eundem
1207 1802 1263 1875 fu·

242 1922 357 2016 giunt.

305 2035 420 2108 Haud
446 2037 568 2132 ignoro
594 2037 725 2111 multos
749 2036 903 2135 typhum
928 2038 1154 2133 pestilentem
1180 2062 1263 2122 esse,

242 2156 315 2226 imo
327 2178 407 2226 vero
420 2173 674 2227 connnnlnM
692 2157 808 2251 ipsum
827 2156 986 2239 existere,
1004 2179 1142 2249 negare.
1169 2152 1265 2225 Con-

243 2270 446 2344 troversiam
463 2269 508 2342 de
524 2268 590 2343 hac
606 2295 644 2344 re
660 2295 798 2345 movere
814 2271 906 2342 nolo.
959 2270 1059 2342 Illud
1076 2279 1168 2343 certe
1184 2294 1264 2342 con-

243 2390 352 2472 veuit,
369 2387 520 2460 rationes
538 2388 691 2483 contagii
708 2387 882 2473 diruendi,
911 2411 997 2482 quas
1020 2386 1149 2460 medici
1166 2389 1264 2482 sequi

243 2506 366 2591 solent,
378 2505 604 2601 proculdubio
622 2506 729 2578 utiles
746 2523 783 2578 et
799 2505 967 2581 salutares
984 2530 1057 2578 esse
1070 2504 1165 2591 ;'hoc
1181 2507 1264 2577 sub·

243 2624 306 2698 tile
323 2648 498 2697 venenum
517 2626 657 2709 existat,
674 2649 793 2696 necne.

292 2739 444 2835 Duplici
461 2740 565 2812 modo
582 2761 834 2814 corruerunt
852 2741 1005 2837 dispergi
1022 2751 1138 2838 potest
1152 2767 1161 2828 ;
1189 2767 1264 2813 mo-

244 2858 289 2931 do
306 2860 350 2930 ab
367 2870 570 2953 aegrotante
586 2858 633 2930 ad
649 2884 774 2933 sunum
785 2934 787 2938 Α
800 2868 895 2931 recta
922 2858 1152 2942 transfertur3
1179 2860 1264 2931 olias

243 2976 417 3072 lanugini,
434 3001 551 3072 panno
566 2976 679 3062 laneo,
696 2977 818 3051 aliisve
843 2977 1042 3050 istiusmodi
1063 2976 1203 3062 haeret;
1227 2987 1265 3049 et

243 3095 328 3168 inde
344 3096 541 3191 corporibus
557 3097 650 3169 sanis
668 3095 881 3170 admovetur.
1320 3191 1324 3197 ι

293 3214 379 3300 Quo
395 3211 648 3286 conrnsrnru
666 3212 838 3298 diruatur,
864 3214 1051 3300 conclavia,
1076 3217 1138 3288 ubi
1159 3215 1263 3288 febri-

244 3344 343 3406 entes
365 3332 507 3419 cubant‚
525 3331 709 3425 perflatum
728 3331 891 3426 accipere,
909 3355 1098 3427 eorumque
1114 3334 1265 3427 parietes

244 3452 337 3523 calce
365 3449 484 3522 crebro
511 3448 666 3521 dealbari
696 3459 843 3544 oportet.
896 3449 1043 3521 Summa
1069 3449 1265 3521 mundities

243 3566 433 3641 servanda:
472 3567 725 3662 vaporibusque
756 3562 873 3638 acidis
904 3565 1077 3638 utendum
1097 3589 1105 3637 ε
1145 3564 1264 3660 quales

243 3698 327 3763 sunt
341 3683 489 3761 acidum
506 3682 692 3769 uitricum,
719 3694 782 3758 aut
807 3682 1053 3769 muriaticum,
1071 3695 1134 3755 aut
1157 3684 1265 3757 aceti-

243 3828 345 3887 οπως
370 3800 532 3876 chlorino
547 3803 602 3876 uti
619 3825 690 3873 non
707 3801 801 3886 licet,
831 3801 960 3897 quippe
985 3800 1079 3897 quod
1102 3802 1261 3897 pulmoni

244 3945 415 3994 summam
441 3920 629 4017 perniciem
656 3919 768 3991 offert.
820 3917 921 3990 Aera
945 3919 1187 3990 circumfiuum
1204 3945 1262 3991 va-

243 4039 384 4136 poribus
415 4062 520 4111 suave
549 4036 725 4109 olentibus
751 4035 917 4121 imbuere,
946 4036 1065 4132 quales
1091 4038 1260 4108 nimirum

243 4155 452 4255 comploro,
465 4157 541 4230 olea
554 4177 800 4242 vonn‘rrnm,
813 4166 849 4228 et
863 4156 1037 4250 quaedam
1054 4153 1182 4227 herbae
1199 4180 1259 4227 ex-

924 4296 952 4342 A
969 4298 989 4343 a
