3276 5194
503 528 559 585 ms
578 527 814 585 usserman
832 527 1005 585 nauseo.
1191 509 1267 596 319.
1353 544 1356 549 >

238 709 314 780 vita
344 708 544 781 continetur
571 705 734 803 (ideoque
765 710 938 781 actionem
965 731 1084 781 eorum
1101 732 1262 783 vasorum

238 828 427 923 propriam)
446 826 553 912 delet,
571 851 679 928 quam
698 829 872 900 absorberi
887 830 1007 923 possit.

289 944 328 1018 Si
346 954 466 1017 eontra
482 945 598 1039 liquor
614 942 805 1017 nicotiana
831 941 959 1018 tabaco
984 946 1165 1042 aliquanto
1187 971 1266 1041 par-

237 1063 312 1134 oius
336 1061 560 1133 infectus'ab
586 1053 706 1156 aliquo
721 1071 880 1147 voratum
896 1064 1161 1135 membranaeve
1186 1088 1267 1135 mua

239 1197 337 1254 oosae·
368 1191 432 1252 aut
462 1203 613 1255 serosoe
641 1164 850 1265 adhibetur;
876 1181 1010 1278 duplici
1039 1184 1175 1255 ratione
1203 1208 1265 1255 no-

152 1386 156 1391 ·
241 1310 323 1373 oet:
349 1301 535 1395 imprimis,
564 1301 685 1395 partis,
712 1326 819 1396 quam
836 1302 941 1373 initio
957 1301 1126 1396 tetigerit,
1143 1326 1268 1375 nervos

241 1417 400 1502 hebetat,
414 1428 451 1490 et
464 1416 549 1489 inde
562 1427 679 1490 totum
692 1418 803 1491 laedit
815 1443 926 1515 genus
939 1442 1123 1492 nervosum
1137 1442 1148 1502 ς
1167 1417 1270 1490 deine
1319 1430 1322 1437 '

242 1534 298 1620 de,
315 1538 500 1631 absorptus
517 1545 554 1608 et
571 1537 742 1631 sanguine
760 1537 906 1621 mixtus,
924 1537 1071 1622 cerebro,
1091 1535 1267 1609 medullae

241 1651 392 1750 spinuli,
410 1653 516 1739 cordi,
534 1654 706 1750 pulmoni,
725 1656 787 1726 &a
805 1653 948 1727 lethifer
965 1666 1028 1727 est.

308 1773 483 1856 Quamvis
519 1771 684 1846 mihimet
717 1773 872 1869 persuasi
906 1770 1132 1879 airotiaoam
1165 1768 1281 1843 taba..

236 1914 323 1965 eam
339 1892 444 1964 modo
465 1895 541 1986 jam
560 1891 671 1965 relato
689 1916 885 1977 venenare3
911 1889 1008 1962 haud
1035 1891 1145 1962 oelare
1171 1914 1271 1985 opor-

241 2021 305 2096 tet,
331 2011 573 2106 experimenta
599 2011 779 2083 Brodiana
802 2011 871 2084 alio
893 2009 1029 2083 ducere.
1081 2009 1268 2082 Bnonlus

240 2129 336 2200 enim
362 2127 419 2199 his
445 2128 532 2200 fisus
552 2128 668 2200 oleum
685 2126 894 2199 aieote'uuoe
912 2125 1033 2197 tobati
1049 2128 1187 2198 cerebro
1204 2127 1270 2199 soli

240 2247 473 2341 perniciosum
491 2270 574 2328 esse,
593 2244 705 2327 eorde,
723 2244 861 2316 arteriis
879 2254 917 2316 et
927 2245 1026 2315 venis
1039 2243 1179 2329 illaesis,
1197 2268 1268 2317 ore-

241 2363 319 2434 dit:
347 2385 474 2463 aquam
491 2370 612 2433 contra
639 2361 732 2432 foliis
756 2371 831 2433 arte
856 2361 1031 2444 imbutam
1056 2361 1150 2432 oordi
1174 2371 1269 2433 reeta

241 2481 426 2553 exitiosam
455 2504 528 2551 esse
543 2503 552 2564 3
581 2504 621 2549 eo
637 2490 680 2551 ut
696 2483 772 2573 ejus
788 2490 927 2550 motum
945 2467 1051 2550 antea
1067 2479 1270 2573 extinguat,

242 2624 348 2694 quam
365 2599 510 2694 spiritus
528 2598 778 2692 conquieverit·

293 2714 344 2786 Ni
361 2713 474 2800 fallor,
492 2715 733 2809 experimenta
750 2712 929 2784 Brodiana
946 2713 1075 2799 rationi
1097 2716 1173 2808 jam
1190 2740 1271 2810 pro-

242 2833 337 2906 latae
353 2857 424 2906 non
443 2832 668 2905 dissentiunt.
721 2830 852 2903 Oleum
870 2830 1013 2902 volatile
1030 2830 1178 2916 cerebro,
1196 2857 1267 2905 non

242 2951 337 3024 oordi
365 2950 547 3023 exitiabile
573 2950 607 3022 ei
623 2948 785 3032 videtur;
812 2972 903 3043 aqua
928 2944 1021 3019 foliis
1044 2949 1157 3020 tinota
1174 2951 1271 3022 oordi

241 3071 432 3166 perniciem
450 3070 574 3140 afferre
591 3078 757 3163 apparet:
784 3066 935 3162 eoquod
954 3090 1011 3137 me
1024 3066 1157 3162 judice,
1177 3067 1271 3142 illuri

242 3185 368 3258 fortius
385 3197 421 3259 et
438 3188 552 3257 acrius
575 3210 699 3256 nervos
723 3185 843 3257 multo>
862 3185 975 3280 magis
992 3209 1099 3279 quam
1115 3182 1202 3258 haeo
1218 3212 1271 3260 se-

242 3302 327 3385 dat3
355 3312 393 3373 et
409 3300 539 3373 exinde
554 3301 734 3373 interdum
751 3311 865 3373 morte
881 3303 979 3395 prius
994 3302 1137 3389 multat,
1161 3328 1272 3400 quam

243 3443 325 3491 rasa
343 3417 565 3491 absorbentia
574 3441 710 3497 munus
727 3418 854 3513 exequi
870 3417 1016 3513 possint
1127 3417 1129 3420 ’

265 3724 477 3789 CCCXXX.
509 3724 574 3788 DE
598 3722 869 3786 NICOTIANA
893 3715 1084 3788 TABACO
1107 3725 1252 3791 mmm

386 3850 563 3928 GENDA,
586 3871 631 3913 nr
647 3849 885 3913 REMEDIIS
907 3838 1131 3915 UTENDIS.

296 4031 480 4107 Nicotiaa
497 4044 533 4105 et
549 4034 757 4119 narcotiaa,
771 4033 842 4106 duo
854 4034 927 4113 vista
943 4036 1126 4130 principia,
1144 4039 1277 4132 quibus

245 4153 336 4226 vires
361 4161 425 4224 aut
447 4149 633 4248 pestiferae
659 4163 721 4225 aut
744 4151 913 4225 salutares
938 4152 1044 4251 huJus
1061 4157 1189 4225 veneni
1217 4156 1275 4225 ni-

246 4279 384 4355 trmtur,
402 4269 474 4355 vix,
501 4277 674 4364 quantum
701 4269 786 4354 seio,¹
794 4268 941 4341 dotibus
957 4292 1080 4343 eorum
1106 4266 1275 4345 chemicis
