<?xml version="1.0" encoding="UTF-8"?>
<!DOCTYPE html PUBLIC "-//W3C//DTD XHTML 1.0 Transitional//EN"
    "http://www.w3.org/TR/xhtml1/DTD/xhtml1-transitional.dtd">
<html xmlns="http://www.w3.org/1999/xhtml" xml:lang="en" lang="en">
 <head>
  <title>
</title>
<meta http-equiv="Content-Type" content="text/html;charset=utf-8" />
  <meta name='ocr-system' content='tesseract 3.04.00' />
  <meta name='ocr-capabilities' content='ocr_page ocr_carea ocr_par ocr_line ocrx_word'/>
</head>
<body>
  <div class='ocr_page' id='page_1' title='image "./morborumdefinit01hawlgoog_0153.png"; bbox 0 0 3342 5208; ppageno 0'>
   <div class='ocr_carea' id='block_1_1' title="bbox 376 484 1011 573">
    <p class='ocr_par' dir='ltr' id='par_1_1' title="bbox 376 484 1011 573">
     <span class='ocr_line' id='line_1_1' title="bbox 376 484 1011 573; baseline 0.006 -6"><span class='ocrx_word' id='word_1_1' title='bbox 376 484 448 568; x_wconf 81' lang='lat'>140</span> <span class='ocrx_word' id='word_1_2' title='bbox 760 515 1011 573; x_wconf 68' lang='lat' dir='ltr'>sensurus.</span> 
     </span>
    </p>
   </div>
   <div class='ocr_carea' id='block_1_2' title="bbox 283 690 1421 3509">
    <p class='ocr_par' dir='ltr' id='par_1_2' title="bbox 424 690 705 776">
     <span class='ocr_line' id='line_1_2' title="bbox 424 690 705 776; baseline 0.004 -12"><span class='ocrx_word' id='word_1_3' title='bbox 424 690 593 764; x_wconf 71' lang='lat' dir='ltr'>Seuerus</span> <span class='ocrx_word' id='word_1_4' title='bbox 612 702 705 776; x_wconf 89' lang='lat' dir='ltr'>sunt,</span> 
     </span>
    </p>

    <p class='ocr_par' dir='ltr' id='par_1_3' title="bbox 367 806 1421 1493">
     <span class='ocr_line' id='line_1_3' title="bbox 420 806 1388 907; baseline 0.007 -27"><span class='ocrx_word' id='word_1_5' title='bbox 420 833 454 880; x_wconf 87' lang='lat' dir='ltr'>c.</span> <span class='ocrx_word' id='word_1_6' title='bbox 473 806 847 906; x_wconf 63' lang='lat' dir='ltr'>Vomanus-quod</span> <span class='ocrx_word' id='word_1_7' title='bbox 859 811 1013 907; x_wconf 90' lang='lat' dir='ltr'>periculo</span> <span class='ocrx_word' id='word_1_8' title='bbox 1022 822 1132 897; x_wconf 88' lang='lat' dir='ltr'>vacat,</span> <span class='ocrx_word' id='word_1_9' title='bbox 1142 822 1179 884; x_wconf 90' lang='lat' dir='ltr'>et</span> <span class='ocrx_word' id='word_1_10' title='bbox 1196 836 1239 884; x_wconf 86' lang='lat' dir='ltr'>ex</span> <span class='ocrx_word' id='word_1_11' title='bbox 1258 832 1388 887; x_wconf 72' lang='lat' dir='ltr'>suur-</span> 
     </span>
     <span class='ocr_line' id='line_1_4' title="bbox 371 930 1388 1026; baseline 0 -24"><span class='ocrx_word' id='word_1_12' title='bbox 371 951 508 1003; x_wconf 74' lang='lat' dir='ltr'>zaetis</span> <span class='ocrx_word' id='word_1_13' title='bbox 524 930 663 1026; x_wconf 85' lang='lat' dir='ltr'>exiguis</span> <span class='ocrx_word' id='word_1_14' title='bbox 686 940 793 1025; x_wconf 88' lang='lat' dir='ltr'>atque</span> <span class='ocrx_word' id='word_1_15' title='bbox 807 930 906 1002; x_wconf 83' lang='lat' dir='ltr'>duris</span> <span class='ocrx_word' id='word_1_16' title='bbox 922 930 1075 1025; x_wconf 88' lang='lat' dir='ltr'>aliquam</span> <span class='ocrx_word' id='word_1_17' title='bbox 1092 941 1227 1026; x_wconf 86' lang='lat' dir='ltr'>partem</span> <span class='ocrx_word' id='word_1_18' title='bbox 1247 943 1388 1004; x_wconf 90' lang='lat' dir='ltr'>artuum</span> 
     </span>
     <span class='ocr_line' id='line_1_5' title="bbox 372 1046 1389 1142; baseline 0.001 -22"><span class='ocrx_word' id='word_1_19' title='bbox 372 1060 436 1120; x_wconf 88' lang='lat' dir='ltr'>aut</span> <span class='ocrx_word' id='word_1_20' title='bbox 464 1047 605 1120; x_wconf 85' lang='lat' dir='ltr'>cervicis</span> <span class='ocrx_word' id='word_1_21' title='bbox 635 1049 837 1142; x_wconf 87' lang='lat' dir='ltr'>tegentibus</span> <span class='ocrx_word' id='word_1_22' title='bbox 867 1057 1013 1120; x_wconf 87' lang='lat' dir='ltr'>constat.</span> <span class='ocrx_word' id='word_1_23' title='bbox 1069 1046 1234 1132; x_wconf 85' lang='lat' dir='ltr'>Quatuor</span> <span class='ocrx_word' id='word_1_24' title='bbox 1265 1048 1389 1121; x_wconf 89' lang='lat' dir='ltr'>diebus</span> 
     </span>
     <span class='ocr_line' id='line_1_6' title="bbox 368 1163 1421 1261; baseline 0.001 -24"><span class='ocrx_word' id='word_1_25' title='bbox 368 1165 515 1251; x_wconf 85' lang='lat' dir='ltr'>exactis,</span> <span class='ocrx_word' id='word_1_26' title='bbox 530 1185 775 1237; x_wconf 79' lang='lat' dir='ltr'>PHLYzAciu</span> <span class='ocrx_word' id='word_1_27' title='bbox 788 1171 1048 1236; x_wconf 86' lang='lat' dir='ltr'>maturescunt:</span> <span class='ocrx_word' id='word_1_28' title='bbox 1066 1163 1150 1237; x_wconf 86' lang='lat' dir='ltr'>dein</span> <span class='ocrx_word' id='word_1_29' title='bbox 1164 1163 1307 1260; x_wconf 87' lang='lat' dir='ltr'>dirupta</span> <span class='ocrx_word' id='word_1_30' title='bbox 1323 1190 1388 1261; x_wconf 88' lang='lat' dir='ltr'>pus</span> <span class='ocrx_word' id='word_1_31' title='bbox 1418 1194 1421 1198; x_wconf 51' lang='lat'><strong><em>⁴</em></strong></span> 
     </span>
     <span class='ocr_line' id='line_1_7' title="bbox 367 1280 1387 1377; baseline -0.001 -23"><span class='ocrx_word' id='word_1_32' title='bbox 367 1281 583 1368; x_wconf 85' lang='lat' dir='ltr'>effundunt;</span> <span class='ocrx_word' id='word_1_33' title='bbox 611 1281 704 1377; x_wconf 90' lang='lat' dir='ltr'>quod</span> <span class='ocrx_word' id='word_1_34' title='bbox 730 1293 929 1356; x_wconf 91' lang='lat' dir='ltr'>concretum</span> <span class='ocrx_word' id='word_1_35' title='bbox 952 1282 989 1352; x_wconf 95' lang='lat' dir='ltr'>in</span> <span class='ocrx_word' id='word_1_36' title='bbox 1013 1288 1145 1355; x_wconf 84' lang='lat' dir='ltr'>crustas</span> <span class='ocrx_word' id='word_1_37' title='bbox 1167 1280 1282 1354; x_wconf 87' lang='lat' dir='ltr'>fuscas</span> <span class='ocrx_word' id='word_1_38' title='bbox 1308 1306 1387 1356; x_wconf 91' lang='lat' dir='ltr'>con·</span> 
     </span>
     <span class='ocr_line' id='line_1_8' title="bbox 368 1398 1287 1493; baseline 0.001 -23"><span class='ocrx_word' id='word_1_39' title='bbox 368 1402 529 1486; x_wconf 87' lang='lat' dir='ltr'>vertitur,</span> <span class='ocrx_word' id='word_1_40' title='bbox 546 1399 668 1473; x_wconf 87' lang='lat' dir='ltr'>relicta</span> <span class='ocrx_word' id='word_1_41' title='bbox 684 1398 784 1472; x_wconf 89' lang='lat' dir='ltr'>nulla</span> <span class='ocrx_word' id='word_1_42' title='bbox 800 1399 943 1471; x_wconf 89' lang='lat' dir='ltr'>omnino</span> <span class='ocrx_word' id='word_1_43' title='bbox 959 1400 1126 1472; x_wconf 79' lang='lat' dir='ltr'>cicatrice.</span> <span class='ocrx_word' id='word_1_44' title='bbox 1284 1488 1287 1493; x_wconf 43' lang='lat'>,</span> 
     </span>
    </p>

    <p class='ocr_par' dir='ltr' id='par_1_4' title="bbox 364 1515 1385 2653">
     <span class='ocr_line' id='line_1_9' title="bbox 417 1515 1384 1612; baseline -0.002 -21"><span class='ocrx_word' id='word_1_45' title='bbox 417 1517 449 1591; x_wconf 86' lang='lat' dir='ltr'>b.</span> <span class='ocrx_word' id='word_1_46' title='bbox 477 1519 720 1591; x_wconf 71' lang='lat' dir='ltr'>Incussus</span> <span class='ocrx_word' id='word_1_47' title='bbox 734 1515 887 1611; x_wconf 80' lang='lat' dir='ltr'>z-quod</span> <span class='ocrx_word' id='word_1_48' title='bbox 912 1515 1065 1588; x_wconf 86' lang='lat' dir='ltr'>infantes</span> <span class='ocrx_word' id='word_1_49' title='bbox 1086 1516 1283 1612; x_wconf 87' lang='lat' dir='ltr'>languidos,</span> <span class='ocrx_word' id='word_1_50' title='bbox 1300 1542 1384 1589; x_wconf 88' lang='lat' dir='ltr'>uou-</span> 
     </span>
     <span class='ocr_line' id='line_1_10' title="bbox 368 1632 1385 1718; baseline 0 -10"><span class='ocrx_word' id='word_1_51' title='bbox 368 1636 455 1708; x_wconf 87' lang='lat' dir='ltr'>dum</span> <span class='ocrx_word' id='word_1_52' title='bbox 473 1635 637 1707; x_wconf 85' lang='lat' dir='ltr'>uberibus</span> <span class='ocrx_word' id='word_1_53' title='bbox 662 1634 830 1706; x_wconf 81' lang='lat' dir='ltr'>maternis</span> <span class='ocrx_word' id='word_1_54' title='bbox 847 1632 1047 1718; x_wconf 84' lang='lat' dir='ltr'>subductos,</span> <span class='ocrx_word' id='word_1_55' title='bbox 1064 1643 1191 1706; x_wconf 90' lang='lat' dir='ltr'>tentat.</span> <span class='ocrx_word' id='word_1_56' title='bbox 1242 1633 1385 1708; x_wconf 70' lang='lat' dir='ltr'>Purs-</span> 
     </span>
     <span class='ocr_line' id='line_1_11' title="bbox 368 1751 1385 1847; baseline -0.001 -21"><span class='ocrx_word' id='word_1_57' title='bbox 368 1776 508 1838; x_wconf 75' lang='lat' dir='ltr'>zucru,</span> <span class='ocrx_word' id='word_1_58' title='bbox 525 1756 577 1827; x_wconf 89' lang='lat' dir='ltr'>ita</span> <span class='ocrx_word' id='word_1_59' title='bbox 594 1765 635 1825; x_wconf 93' lang='lat' dir='ltr'>ut</span> <span class='ocrx_word' id='word_1_60' title='bbox 647 1755 724 1847; x_wconf 88' lang='lat' dir='ltr'>jam</span> <span class='ocrx_word' id='word_1_61' title='bbox 740 1752 916 1847; x_wconf 83' lang='lat' dir='ltr'>descripsi,</span> <span class='ocrx_word' id='word_1_62' title='bbox 930 1761 1132 1846; x_wconf 89' lang='lat' dir='ltr'>erumpunt,</span> <span class='ocrx_word' id='word_1_63' title='bbox 1145 1751 1213 1827; x_wconf 83' lang='lat' dir='ltr'>nisi</span> <span class='ocrx_word' id='word_1_64' title='bbox 1230 1752 1324 1847; x_wconf 88' lang='lat' dir='ltr'>quod</span> <span class='ocrx_word' id='word_1_65' title='bbox 1340 1754 1385 1825; x_wconf 91' lang='lat' dir='ltr'>si-</span> 
     </span>
     <span class='ocr_line' id='line_1_12' title="bbox 366 1852 1385 1965; baseline -0.001 -22"><span class='ocrx_word' id='word_1_66' title='bbox 366 1871 443 1943; x_wconf 90' lang='lat' dir='ltr'>mul</span> <span class='ocrx_word' id='word_1_67' title='bbox 468 1881 573 1965; x_wconf 87' lang='lat' dir='ltr'>atque</span> <span class='ocrx_word' id='word_1_68' title='bbox 599 1852 738 1942; x_wconf 88' lang='lat' dir='ltr'>cursum</span> <span class='ocrx_word' id='word_1_69' title='bbox 754 1870 792 1939; x_wconf 92' lang='lat' dir='ltr'>iu</span> <span class='ocrx_word' id='word_1_70' title='bbox 810 1867 928 1963; x_wconf 90' lang='lat' dir='ltr'>aliqua</span> <span class='ocrx_word' id='word_1_71' title='bbox 952 1879 1053 1963; x_wconf 87' lang='lat' dir='ltr'>parte</span> <span class='ocrx_word' id='word_1_72' title='bbox 1077 1868 1305 1963; x_wconf 84' lang='lat' dir='ltr'>expleverint,</span> <span class='ocrx_word' id='word_1_73' title='bbox 1331 1896 1385 1942; x_wconf 89' lang='lat' dir='ltr'>ca-</span> 
     </span>
     <span class='ocr_line' id='line_1_13' title="bbox 366 1984 1385 2081; baseline -0.001 -21"><span class='ocrx_word' id='word_1_74' title='bbox 366 1999 465 2061; x_wconf 88' lang='lat' dir='ltr'>terva</span> <span class='ocrx_word' id='word_1_75' title='bbox 480 2011 570 2059; x_wconf 87' lang='lat' dir='ltr'>nova</span> <span class='ocrx_word' id='word_1_76' title='bbox 596 1986 725 2059; x_wconf 90' lang='lat' dir='ltr'>alicubi</span> <span class='ocrx_word' id='word_1_77' title='bbox 750 2009 906 2058; x_wconf 91' lang='lat' dir='ltr'>summae</span> <span class='ocrx_word' id='word_1_78' title='bbox 933 1984 1023 2057; x_wconf 91' lang='lat' dir='ltr'>cutis</span> <span class='ocrx_word' id='word_1_79' title='bbox 1048 1995 1203 2081; x_wconf 86' lang='lat' dir='ltr'>apparet,</span> <span class='ocrx_word' id='word_1_80' title='bbox 1221 1995 1297 2057; x_wconf 88' lang='lat' dir='ltr'>tota</span> <span class='ocrx_word' id='word_1_81' title='bbox 1313 1986 1385 2059; x_wconf 90' lang='lat' dir='ltr'>fere</span> 
     </span>
     <span class='ocr_line' id='line_1_14' title="bbox 368 2101 1384 2203; baseline -0.002 -24"><span class='ocrx_word' id='word_1_82' title='bbox 368 2106 549 2203; x_wconf 87' lang='lat' dir='ltr'>superficie</span> <span class='ocrx_word' id='word_1_83' title='bbox 576 2104 755 2178; x_wconf 87' lang='lat' dir='ltr'>interdum</span> <span class='ocrx_word' id='word_1_84' title='bbox 786 2103 1051 2177; x_wconf 57' lang='lat' dir='ltr'>efflorescentes</span> <span class='ocrx_word' id='word_1_85' title='bbox 1079 2101 1289 2197; x_wconf 83' lang='lat' dir='ltr'>Aliquando</span> <span class='ocrx_word' id='word_1_86' title='bbox 1318 2102 1384 2178; x_wconf 90' lang='lat' dir='ltr'>hoc</span> 
     </span>
     <span class='ocr_line' id='line_1_15' title="bbox 365 2219 1382 2321; baseline -0.002 -25"><span class='ocrx_word' id='word_1_87' title='bbox 365 2225 500 2298; x_wconf 89' lang='lat' dir='ltr'>malum</span> <span class='ocrx_word' id='word_1_88' title='bbox 524 2225 642 2321; x_wconf 92' lang='lat' dir='ltr'>plures</span> <span class='ocrx_word' id='word_1_89' title='bbox 667 2247 803 2295; x_wconf 88' lang='lat' dir='ltr'>meuses</span> <span class='ocrx_word' id='word_1_90' title='bbox 829 2221 944 2306; x_wconf 87' lang='lat' dir='ltr'>durat,</span> <span class='ocrx_word' id='word_1_91' title='bbox 958 2219 1144 2317; x_wconf 76' lang='lat' dir='ltr'>ppreoeiac</span> <span class='ocrx_word' id='word_1_92' title='bbox 1160 2219 1231 2292; x_wconf 86' lang='lat' dir='ltr'>fere</span> <span class='ocrx_word' id='word_1_93' title='bbox 1249 2245 1382 2316; x_wconf 85' lang='lat' dir='ltr'>expers,</span> 
     </span>
     <span class='ocr_line' id='line_1_16' title="bbox 366 2336 1384 2438; baseline -0.002 -24"><span class='ocrx_word' id='word_1_94' title='bbox 366 2352 403 2414; x_wconf 91' lang='lat' dir='ltr'>et</span> <span class='ocrx_word' id='word_1_95' title='bbox 427 2342 579 2438; x_wconf 91' lang='lat' dir='ltr'>quadam</span> <span class='ocrx_word' id='word_1_96' title='bbox 607 2360 941 2413; x_wconf 77' lang='lat' dir='ltr'>Pnurzuemnuu</span> <span class='ocrx_word' id='word_1_97' title='bbox 959 2339 997 2409; x_wconf 91' lang='lat' dir='ltr'>iu</span> <span class='ocrx_word' id='word_1_98' title='bbox 1018 2336 1133 2409; x_wconf 91' lang='lat' dir='ltr'>ulcera</span> <span class='ocrx_word' id='word_1_99' title='bbox 1158 2338 1252 2410; x_wconf 87' lang='lat' dir='ltr'>mala</span> <span class='ocrx_word' id='word_1_100' title='bbox 1278 2350 1384 2435; x_wconf 88' lang='lat' dir='ltr'>atque</span> 
     </span>
     <span class='ocr_line' id='line_1_17' title="bbox 365 2455 1383 2552; baseline -0.003 -20"><span class='ocrx_word' id='word_1_101' title='bbox 365 2459 439 2534; x_wconf 86' lang='lat' dir='ltr'>alta</span> <span class='ocrx_word' id='word_1_102' title='bbox 467 2463 610 2545; x_wconf 89' lang='lat' dir='ltr'>abeunt,</span> <span class='ocrx_word' id='word_1_103' title='bbox 640 2460 799 2533; x_wconf 89' lang='lat' dir='ltr'>cicatrice</span> <span class='ocrx_word' id='word_1_104' title='bbox 832 2457 1019 2552; x_wconf 84' lang='lat' dir='ltr'>superstite</span> <span class='ocrx_word' id='word_1_105' title='bbox 1049 2455 1110 2527; x_wconf 88' lang='lat' dir='ltr'>vix</span> <span class='ocrx_word' id='word_1_106' title='bbox 1139 2481 1296 2552; x_wconf 91' lang='lat' dir='ltr'>unquam</span> <span class='ocrx_word' id='word_1_107' title='bbox 1325 2457 1383 2529; x_wconf 82' lang='lat' dir='ltr'>de-</span> 
     </span>
     <span class='ocr_line' id='line_1_18' title="bbox 364 2578 1001 2653; baseline -0.002 -3"><span class='ocrx_word' id='word_1_108' title='bbox 364 2578 479 2653; x_wconf 88' lang='lat' dir='ltr'>lenda.</span> <span class='ocrx_word' id='word_1_109' title='bbox 505 2632 507 2637; x_wconf 66' lang='lat'>,</span> <span class='ocrx_word' id='word_1_110' title='bbox 997 2642 1001 2649; x_wconf 27' lang='lat' dir='ltr'>r</span> 
     </span>
    </p>

    <p class='ocr_par' dir='ltr' id='par_1_5' title="bbox 283 2695 1382 3509">
     <span class='ocr_line' id='line_1_19' title="bbox 429 2695 1380 2791; baseline -0.001 -20"><span class='ocrx_word' id='word_1_111' title='bbox 429 2723 458 2772; x_wconf 91' lang='lat' dir='ltr'>c.</span> <span class='ocrx_word' id='word_1_112' title='bbox 497 2695 858 2771; x_wconf 72' lang='lat' dir='ltr'>Lemonia-Hoc</span> <span class='ocrx_word' id='word_1_113' title='bbox 890 2697 1094 2791; x_wconf 86' lang='lat' dir='ltr'>praesertim</span> <span class='ocrx_word' id='word_1_114' title='bbox 1128 2716 1380 2770; x_wconf 76' lang='lat' dir='ltr'>Puuuzucns</span> 
     </span>
     <span class='ocr_line' id='line_1_20' title="bbox 364 2815 1382 2914; baseline -0.001 -25"><span class='ocrx_word' id='word_1_115' title='bbox 364 2819 523 2914; x_wconf 88' lang='lat' dir='ltr'>margine</span> <span class='ocrx_word' id='word_1_116' title='bbox 548 2817 668 2902; x_wconf 90' lang='lat' dir='ltr'>livido,</span> <span class='ocrx_word' id='word_1_117' title='bbox 686 2816 773 2888; x_wconf 91' lang='lat' dir='ltr'>duro</span> <span class='ocrx_word' id='word_1_118' title='bbox 797 2825 834 2886; x_wconf 94' lang='lat' dir='ltr'>et</span> <span class='ocrx_word' id='word_1_119' title='bbox 856 2816 1077 2910; x_wconf 88' lang='lat' dir='ltr'>prominente</span> <span class='ocrx_word' id='word_1_120' title='bbox 1101 2815 1283 2887; x_wconf 88' lang='lat' dir='ltr'>instructis</span> <span class='ocrx_word' id='word_1_121' title='bbox 1305 2816 1382 2913; x_wconf 83' lang='lat' dir='ltr'>dig-</span> 
     </span>
     <span class='ocr_line' id='line_1_21' title="bbox 283 2932 1382 3029; baseline -0.004 -18"><span class='ocrx_word' id='word_1_122' title='bbox 283 3005 286 3011; x_wconf 73' lang='lat'>,</span> <span class='ocrx_word' id='word_1_123' title='bbox 363 2939 528 3010; x_wconf 90' lang='lat' dir='ltr'>noscitur.</span> <span class='ocrx_word' id='word_1_124' title='bbox 564 2935 763 3007; x_wconf 87' lang='lat' dir='ltr'>Grandiora</span> <span class='ocrx_word' id='word_1_125' title='bbox 776 2944 859 3006; x_wconf 89' lang='lat' dir='ltr'>suut</span> <span class='ocrx_word' id='word_1_126' title='bbox 873 2955 978 3029; x_wconf 87' lang='lat' dir='ltr'>quam</span> <span class='ocrx_word' id='word_1_127' title='bbox 992 2932 1268 3007; x_wconf 74' lang='lat' dir='ltr'><strong>ECTHYMATE</strong></span> <span class='ocrx_word' id='word_1_128' title='bbox 1282 2956 1382 3007; x_wconf 77' lang='lat' dir='ltr'>vuu-</span> 
     </span>
     <span class='ocr_line' id='line_1_22' title="bbox 365 3061 1380 3148; baseline 0 -22"><span class='ocrx_word' id='word_1_129' title='bbox 365 3075 467 3127; x_wconf 76' lang='lat' dir='ltr'>euru</span> <span class='ocrx_word' id='word_1_130' title='bbox 485 3066 547 3126; x_wconf 89' lang='lat' dir='ltr'>aut</span> <span class='ocrx_word' id='word_1_131' title='bbox 565 3072 792 3125; x_wconf 70' lang='lat' dir='ltr'>msursurur</span> <span class='ocrx_word' id='word_1_132' title='bbox 809 3062 981 3148; x_wconf 82' lang='lat' dir='ltr'>urgente:</span> <span class='ocrx_word' id='word_1_133' title='bbox 1008 3061 1190 3148; x_wconf 87' lang='lat' dir='ltr'>totamque</span> <span class='ocrx_word' id='word_1_134' title='bbox 1208 3078 1380 3127; x_wconf 89' lang='lat' dir='ltr'>summam</span> 
     </span>
     <span class='ocr_line' id='line_1_23' title="bbox 364 3169 1378 3267; baseline -0.001 -21"><span class='ocrx_word' id='word_1_135' title='bbox 364 3184 481 3246; x_wconf 87' lang='lat' dir='ltr'>cutem</span> <span class='ocrx_word' id='word_1_136' title='bbox 503 3183 640 3267; x_wconf 89' lang='lat' dir='ltr'>praeter</span> <span class='ocrx_word' id='word_1_137' title='bbox 664 3169 799 3254; x_wconf 89' lang='lat' dir='ltr'>faciem,</span> <span class='ocrx_word' id='word_1_138' title='bbox 817 3193 983 3266; x_wconf 89' lang='lat' dir='ltr'>occupare</span> <span class='ocrx_word' id='word_1_139' title='bbox 1008 3181 1174 3264; x_wconf 87' lang='lat' dir='ltr'>possunt:</span> <span class='ocrx_word' id='word_1_140' title='bbox 1200 3196 1283 3266; x_wconf 89' lang='lat' dir='ltr'>prae</span> <span class='ocrx_word' id='word_1_141' title='bbox 1300 3172 1378 3245; x_wconf 89' lang='lat' dir='ltr'>aliis</span> 
     </span>
     <span class='ocr_line' id='line_1_24' title="bbox 362 3288 1377 3386; baseline 0 -23"><span class='ocrx_word' id='word_1_142' title='bbox 362 3291 408 3363; x_wconf 91' lang='lat' dir='ltr'>ad</span> <span class='ocrx_word' id='word_1_143' title='bbox 424 3291 561 3364; x_wconf 87' lang='lat' dir='ltr'>senium</span> <span class='ocrx_word' id='word_1_144' title='bbox 578 3299 772 3386; x_wconf 86' lang='lat' dir='ltr'>vergentes,</span> <span class='ocrx_word' id='word_1_145' title='bbox 790 3298 828 3361; x_wconf 91' lang='lat' dir='ltr'>et</span> <span class='ocrx_word' id='word_1_146' title='bbox 844 3290 935 3377; x_wconf 91' lang='lat' dir='ltr'>vino,</span> <span class='ocrx_word' id='word_1_147' title='bbox 955 3288 1040 3386; x_wconf 86' lang='lat' dir='ltr'>gula</span> <span class='ocrx_word' id='word_1_148' title='bbox 1065 3290 1251 3365; x_wconf 88' lang='lat' dir='ltr'>aliundeve</span> <span class='ocrx_word' id='word_1_149' title='bbox 1275 3290 1377 3365; x_wconf 86' lang='lat' dir='ltr'>fracti</span> 
     </span>
     <span class='ocr_line' id='line_1_25' title="bbox 359 3406 1380 3509; baseline 0.003 -27"><span class='ocrx_word' id='word_1_150' title='bbox 359 3409 443 3484; x_wconf 89' lang='lat' dir='ltr'>huic</span> <span class='ocrx_word' id='word_1_151' title='bbox 459 3408 552 3482; x_wconf 89' lang='lat' dir='ltr'>malo</span> <span class='ocrx_word' id='word_1_152' title='bbox 568 3406 713 3506; x_wconf 85' lang='lat' dir='ltr'>patent:</span> <span class='ocrx_word' id='word_1_153' title='bbox 730 3407 824 3505; x_wconf 91' lang='lat' dir='ltr'>quod</span> <span class='ocrx_word' id='word_1_154' title='bbox 836 3407 1015 3482; x_wconf 88' lang='lat' dir='ltr'>diutinum</span> <span class='ocrx_word' id='word_1_155' title='bbox 1029 3419 1093 3495; x_wconf 91' lang='lat' dir='ltr'>est,</span> <span class='ocrx_word' id='word_1_156' title='bbox 1103 3420 1140 3483; x_wconf 93' lang='lat' dir='ltr'>et</span> <span class='ocrx_word' id='word_1_157' title='bbox 1152 3408 1268 3484; x_wconf 89' lang='lat' dir='ltr'>ulcera</span> <span class='ocrx_word' id='word_1_158' title='bbox 1280 3409 1380 3509; x_wconf 84' lang='lat' dir='ltr'>foeda</span> 
     </span>
    </p>
   </div>
   <div class='ocr_carea' id='block_1_3' title="bbox 359 3530 1378 3742">
    <p class='ocr_par' dir='ltr' id='par_1_6' title="bbox 359 3530 1378 3742">
     <span class='ocr_line' id='line_1_26' title="bbox 359 3530 667 3628; baseline -0.006 -25"><span class='ocrx_word' id='word_1_159' title='bbox 359 3555 523 3628; x_wconf 88' lang='lat' dir='ltr'>persaepe</span> <span class='ocrx_word' id='word_1_160' title='bbox 538 3530 667 3627; x_wconf 84' lang='lat' dir='ltr'>gignit.</span> 
     </span>
     <span class='ocr_line' id='line_1_27' title="bbox 409 3642 1378 3742; baseline 0.002 -26"><span class='ocrx_word' id='word_1_161' title='bbox 409 3645 444 3717; x_wconf 88' lang='lat' dir='ltr'>d.</span> <span class='ocrx_word' id='word_1_162' title='bbox 463 3644 774 3718; x_wconf 75' lang='lat' dir='ltr'>Cucuucrucuu</span> <span class='ocrx_word' id='word_1_163' title='bbox 788 3643 943 3738; x_wconf 87' lang='lat' dir='ltr'>:-qu0d</span> <span class='ocrx_word' id='word_1_164' title='bbox 959 3642 1189 3739; x_wconf 78' lang='lat' dir='ltr'>Spplrilidcm</span> <span class='ocrx_word' id='word_1_165' title='bbox 1205 3643 1302 3718; x_wconf 91' lang='lat' dir='ltr'>haud</span> <span class='ocrx_word' id='word_1_166' title='bbox 1318 3671 1378 3742; x_wconf 88' lang='lat' dir='ltr'>pa·</span> 
     </span>
    </p>
   </div>
   <div class='ocr_carea' id='block_1_4' title="bbox 357 3761 1437 4334">
    <p class='ocr_par' dir='ltr' id='par_1_7' title="bbox 357 3761 1437 4334">
     <span class='ocr_line' id='line_1_28' title="bbox 360 3761 1377 3860; baseline 0.003 -26"><span class='ocrx_word' id='word_1_167' title='bbox 360 3784 439 3834; x_wconf 89' lang='lat' dir='ltr'>rum</span> <span class='ocrx_word' id='word_1_168' title='bbox 457 3762 610 3836; x_wconf 89' lang='lat' dir='ltr'>simulat.</span> <span class='ocrx_word' id='word_1_169' title='bbox 662 3764 797 3860; x_wconf 91' lang='lat' dir='ltr'>Incipit</span> <span class='ocrx_word' id='word_1_170' title='bbox 813 3761 1011 3859; x_wconf 77' lang='lat' dir='ltr'>eppreoeic</span> <span class='ocrx_word' id='word_1_171' title='bbox 1027 3764 1146 3858; x_wconf 85' lang='lat' dir='ltr'>gravi:</span> <span class='ocrx_word' id='word_1_172' title='bbox 1171 3763 1290 3838; x_wconf 88' lang='lat' dir='ltr'>triduo</span> <span class='ocrx_word' id='word_1_173' title='bbox 1306 3762 1377 3837; x_wconf 91' lang='lat' dir='ltr'>fere</span> 
     </span>
     <span class='ocr_line' id='line_1_29' title="bbox 361 3877 1375 3976; baseline 0.002 -23"><span class='ocrx_word' id='word_1_174' title='bbox 361 3880 486 3976; x_wconf 92' lang='lat' dir='ltr'>elapso,</span> <span class='ocrx_word' id='word_1_175' title='bbox 517 3877 762 3953; x_wconf 69' lang='lat' dir='ltr'>Punrz&#39;ucuu</span> <span class='ocrx_word' id='word_1_176' title='bbox 791 3881 950 3975; x_wconf 85' lang='lat' dir='ltr'>margine</span> <span class='ocrx_word' id='word_1_177' title='bbox 975 3878 1063 3952; x_wconf 87' lang='lat' dir='ltr'>duro</span> <span class='ocrx_word' id='word_1_178' title='bbox 1080 3891 1117 3955; x_wconf 90' lang='lat' dir='ltr'>et</span> <span class='ocrx_word' id='word_1_179' title='bbox 1131 3884 1236 3955; x_wconf 89' lang='lat' dir='ltr'>rubro</span> <span class='ocrx_word' id='word_1_180' title='bbox 1260 3883 1375 3956; x_wconf 87' lang='lat' dir='ltr'>cincta</span> 
     </span>
     <span class='ocr_line' id='line_1_30' title="bbox 358 3997 1373 4094; baseline 0 -21"><span class='ocrx_word' id='word_1_181' title='bbox 358 4010 421 4074; x_wconf 89' lang='lat' dir='ltr'>aut</span> <span class='ocrx_word' id='word_1_182' title='bbox 445 4008 567 4094; x_wconf 89' lang='lat' dir='ltr'>pectus</span> <span class='ocrx_word' id='word_1_183' title='bbox 593 4008 656 4070; x_wconf 93' lang='lat' dir='ltr'>aut</span> <span class='ocrx_word' id='word_1_184' title='bbox 680 4010 778 4071; x_wconf 90' lang='lat' dir='ltr'>artus</span> <span class='ocrx_word' id='word_1_185' title='bbox 802 3997 992 4071; x_wconf 86' lang='lat' dir='ltr'>obducunt.</span> <span class='ocrx_word' id='word_1_186' title='bbox 1045 3999 1166 4074; x_wconf 84' lang='lat' dir='ltr'>Iudies</span> <span class='ocrx_word' id='word_1_187' title='bbox 1191 3999 1247 4073; x_wconf 88' lang='lat' dir='ltr'>his</span> <span class='ocrx_word' id='word_1_188' title='bbox 1272 4026 1373 4085; x_wconf 90' lang='lat' dir='ltr'>nova,</span> 
     </span>
     <span class='ocr_line' id='line_1_31' title="bbox 359 4117 1376 4225; baseline -0.002 -33"><span class='ocrx_word' id='word_1_189' title='bbox 359 4120 428 4193; x_wconf 89' lang='lat' dir='ltr'>alia</span> <span class='ocrx_word' id='word_1_190' title='bbox 461 4118 549 4204; x_wconf 89' lang='lat' dir='ltr'>aliis,</span> <span class='ocrx_word' id='word_1_191' title='bbox 584 4117 856 4214; x_wconf 89' lang='lat' dir='ltr'>superveniunt:</span> <span class='ocrx_word' id='word_1_192' title='bbox 897 4118 1040 4225; x_wconf 73' lang='lat' dir='ltr'>tandem</span> <span class='ocrx_word' id='word_1_193' title='bbox 1066 4144 1147 4192; x_wconf 87' lang='lat' dir='ltr'>vero</span> <span class='ocrx_word' id='word_1_194' title='bbox 1165 4122 1270 4195; x_wconf 75' lang='lat' dir='ltr'>vcutis</span> <span class='ocrx_word' id='word_1_195' title='bbox 1303 4120 1376 4192; x_wconf 88' lang='lat' dir='ltr'>fere</span> 
     </span>
     <span class='ocr_line' id='line_1_32' title="bbox 357 4235 1437 4334; baseline 0.003 -23"><span class='ocrx_word' id='word_1_196' title='bbox 357 4240 518 4314; x_wconf 85' lang='lat' dir='ltr'>universa</span> <span class='ocrx_word' id='word_1_197' title='bbox 549 4258 792 4312; x_wconf 64' lang='lat' dir='ltr'>ineuntem</span> <span class='ocrx_word' id='word_1_198' title='bbox 822 4235 976 4324; x_wconf 85' lang='lat' dir='ltr'>exhibet,</span> <span class='ocrx_word' id='word_1_199' title='bbox 1006 4238 1076 4313; x_wconf 85' lang='lat' dir='ltr'>alia</span> <span class='ocrx_word' id='word_1_200' title='bbox 1099 4242 1174 4334; x_wconf 89' lang='lat' dir='ltr'>jam</span> <span class='ocrx_word' id='word_1_201' title='bbox 1201 4242 1375 4325; x_wconf 78' lang='lat' dir='ltr'>ineuntis,</span> <span class='ocrx_word' id='word_1_202' title='bbox 1434 4270 1437 4275; x_wconf 92' lang='lat'>·</span> 
     </span>
    </p>
   </div>
   <div class='ocr_carea' id='block_1_5' title="bbox 0 0 1676 5208">
    <p class='ocr_par' dir='ltr' id='par_1_8' title="bbox 0 0 1676 5208">
     <span class='ocr_line' id='line_1_33' title="bbox 0 0 1676 5208; baseline 0 3"><span class='ocrx_word' id='word_1_203' title='bbox 0 0 1676 5208; x_wconf 95' lang='lat' dir='ltr'> </span> 
     </span>
    </p>
   </div>
  </div>
 </body>
</html>
