3326 5302
404 542 451 606 18
829 548 998 599 sanans.

444 728 665 811 Paroaysmus
680 732 726 784 est
740 721 837 785 febris
850 721 950 806 ipsius
965 717 1107 796 amessia
1117 716 1307 791 err-horrore,
1318 714 1431 778 ardore

402 842 499 917 atque
514 830 628 894 sudore
641 826 822 914 composita.

446 935 645 999 Intermissio
659 944 706 996 est
720 933 887 1019 oppressio,
898 930 932 992 id
946 940 1003 1009 est,
1017 927 1154 1014 spatium
1169 925 1328 1010 temporis,
1345 922 1432 1008 quod
1471 972 1476 980 .

405 1041 445 1105 ab
461 1064 525 1103 uno
536 1061 729 1126 paroaysmo
743 1038 833 1101 finito
848 1036 889 1099 ad
903 1034 1084 1121 proximum
1099 1033 1258 1095 ineuntem
1272 1030 1415 1115 pertinet.

447 1147 658 1212 Intervallcun
665 1165 896 1231 paroxysmum
907 1155 1003 1227 atque
1012 1142 1272 1205 intermissimwm
1283 1136 1435 1222 compleo-

404 1254 491 1317 titur.

883 1354 1043 1419 Tertiana.

884 1472 1052 1547 Quartana.

407 1530 520 1593 Febris
536 1531 752 1592 Intermitteas
773 1538 819 1591 est
869 1570 872 1577 ⁴
972 1584 978 1604 ,
1005 1584 1011 1597 .

426 1631 429 1638 .
884 1583 1081 1660 Quotidiana.

884 1699 1036 1761 Tertiana
1050 1696 1179 1781 duplex,
1197 1699 1250 1759 &c

460 1894 1000 1968 TnnrmuA.-Dnn1u1r10.
1043 1890 1431 1987 Paromysmiinterse

409 2011 618 2097 consimiles,
630 2008 828 2083 intervallo
840 2010 1073 2105 quadraginta
1090 2020 1167 2081 octo
1180 2009 1315 2081 circiter
1330 2006 1432 2078 horas
1516 2090 1520 2097 ³

410 2130 583 2202 durante:
611 2128 863 2201 accessionibus
879 2127 1092 2198 meridianis.

460 2246 1022 2332 Quassatam-Damnum.
1084 2241 1315 2340 Paroaysmt‘
1339 2242 1432 2315 inter

412 2389 448 2436 se
465 2364 685 2449 consimiles3
713 2348 909 2438 intervallo
934 2363 1159 2459 septuaginta
1184 2344 1320 2433 circiter
1344 2360 1431 2432 duas

411 2482 513 2556 horas
529 2482 680 2555 durante
695 2508 703 2553 ε
731 2484 982 2555 accessionibus
1000 2481 1217 2575 vespertinis.

460 2601 1052 2686 Quomnmua-Dnrrmrro
1095 2593 1326 2692 Poroaysmi
1342 2597 1434 2667 inter

293 2780 300 2790 .
412 2745 448 2792 se
464 2721 670 2806 consimiles,
687 2717 885 2794 intervallo
902 2720 1031 2816 viginti
1049 2727 1199 2813 quatuor
1220 2716 1355 2787 circiter
1371 2714 1433 2787 ho·

410 2862 466 2912 ras
483 2839 657 2911 durante:
684 2839 935 2909 accessionibus
949 2838 1147 2908 matutinis.

461 2955 690 3027 Tnn'rmun
704 2954 1189 3026 noenum-Damnum.
1239 2953 1433 3048 Puroays-

401 3062 462 3144 vmi
483 3072 702 3167 quotidiani3
730 3075 779 3145 sic
804 3082 845 3145 ut
865 3071 1095 3169 Paromysmi
1120 3073 1258 3145 dierum
1283 3072 1431 3167 parium,

411 3190 450 3261 id
467 3204 521 3263 est
538 3189 638 3275 Iudi,
657 3190 751 3276 lVli,
770 3193 831 3263 &c
858 3192 952 3263 iuter
968 3217 1004 3264 se
1020 3191 1217 3264 consimiles
1243 3191 1339 3276 sint3
1367 3192 1433 3262 im·

411 3303 548 3402 parium
577 3331 723 3403 quoque,
749 3306 787 3379 id
812 3318 866 3381 est
892 3307 1001 3394 Illtii,
1019 3308 1091 3394 vs,
1111 3311 1167 3380 &c
1191 3309 1284 3379 inter
1302 3331 1338 3377 se
1354 3331 1433 3379 con-

414 3423 566 3498 similes:
592 3423 631 3496 hi
649 3450 729 3515 vero
746 3425 817 3499 illis
833 3427 1029 3500 dissimiles.

449 3544 518 3607 Nec
538 3543 652 3607 desunt
673 3543 750 3607 aliae
764 3545 941 3622 varietates,
957 3567 1036 3628 quas
1060 3562 1231 3605 memorare
1245 3543 1300 3604 vix
1322 3563 1435 3627 operae

407 3651 545 3735 pretium
560 3652 649 3715 duco.

751 3868 862 3912 ,SIGNA
879 3865 1082 3908 PAROXYSMI.

450 3971 724 4035 Horrea-Vires
738 3971 834 4034 animi
849 3982 880 4040 et
895 3970 1032 4056 corporis
1053 3970 1225 4057 languent:
1248 3971 1329 4035 c'utis
1350 3995 1433 4036 sum-

406 4096 458 4138 ma
471 4084 518 4137 est
534 4074 632 4153 arida,
655 4074 831 4153 constricta,
846 4074 975 4161 pallida,
991 4086 1022 4138 et
1040 4076 1130 4161 quasi
1152 4075 1306 4161 collapsa:
1331 4077 1434 4139 inhor-

404 4190 530 4244 rescunt
545 4190 643 4258 artuS,
655 4202 784 4266 corpore
799 4180 892 4243 simul
906 4191 1028 4266 praeter
1043 4192 1187 4244 naturam
1202 4181 1328 4244 calente.
1375 4184 1434 4245 Ca-

403 4299 474 4373 put,
485 4287 624 4366 dorsum,
636 4287 800 4371 lumbique
815 4287 939 4351 dolent:
956 4287 1050 4351 modo
1064 4287 1209 4352 delirium
1224 4299 1324 4372 urget.
1371 4289 1433 4351 Re-
