3276 5194
425 526 480 579 nn
497 523 679 578 Acsmco
697 507 938 578 c‘smrnsrru.
1109 515 1198 582 333*
1261 520 1263 523 ’

185 709 256 784 tius
279 714 315 780 et
338 701 547 800 languidius,
573 712 677 801 quam
693 700 761 774 fert
776 712 922 788 natura;
948 703 1098 777 arteriae
1108 715 1201 777 tam·

186 828 323 903 exiliter
346 834 381 899 et
405 823 520 897 crebro
545 822 685 908 saliunt,
709 831 761 895 ut
776 824 909 919 quoties
927 836 1029 896 Lxffl‘
1047 848 1184 921 quaque

185 948 289 1022 horae
312 955 410 1044 parte
433 952 646 1028 moveantur,
671 941 768 1014 dictu
784 942 830 1015 sit
846 940 1005 1015 difficiles
1029 944 1132 1040 pedes
1148 956 1205 1019 et‘
1231 954 1243 967 ‘'

187 1092 310 1141 manus
338 1067 430 1136 inter
456 1059 540 1134 haec
567 1059 708 1158 frigent,
740 1070 974 1135 extenuantur
993 1073 1038 1137 'et
1065 1063 1186 1139 livent.

184 1184 371 1261 Interdum
387 1180 490 1254 homo
506 1178 611 1252 simul
628 1203 716 1276 pene
740 1191 926 1278 soporatus,
944 1182 1103 1257 manibus
1127 1183 1188 1256 ad.

187 1305 292 1378 motis
311 1317 476 1386 ventrem,
501 1299 705 1396 praecordia,
730 1299 876 1374 aliamve
902 1312 1035 1399 partem
1060 1304 1186 1401 tangit,

188 1421 333 1523 perinde
356 1421 454 1519 quasi
479 1419 629 1494 dolorem
654 1430 849 1518 pateretur3
880 1445 992 1518 neque
1011 1447 1090 1496 vero
1105 1449 1187 1512 non,

188 1554 406 1618 momentum
433 1540 607 1637 temporis,
633 1541 868 1617 invitamentis
896 1541 1003 1616 illatis
1032 1540 1188 1619 suscitari

188 1646 313 1760 potest.
1150 1682 1165 1772 'M

238 1781 415 1876 Denique,
425 1780 481 1852 nti
492 1780 609 1875 paucis
622 1778 805 1864 absolvam,
818 1800 990 1854 Ananim
1008 1780 1188 1882 perniciosi

190 1900 286 1974 haud
301 1925 424 1998 parum
440 1895 586 1983 abolet,
611 1910 717 1995 atque
739 1899 807 1972 alia
823 1900 981 1974 ebrietati
1002 1888 1190 1979 movendae
1323 1968 1328 1981 .

190 2020 455 2105 accommodata,
472 2017 565 2116 quod
582 2019 626 2090 ad
643 2043 760 2091 eorum
776 2021 956 2109 actionem,
974 2022 1135 2099 referunt.

233 2378 424 2448 CCCXLV.
461 2381 524 2444 DE
547 2380 697 2458 NOTIS,
721 2382 971 2450 CADAVERE
995 2388 1152 2470 SECTO,
1256 2436 1262 2445 ,

577 2507 807 2572 INVENTIS.

243 2729 342 2816 Quos
358 2726 423 2800 hoc
439 2752 610 2800 venenum
627 2728 774 2816 enecuit,
790 2730 834 2803 iis
849 2744 928 2830 post
941 2749 1087 2811 mortem
1104 2741 1209 2816 cutis
1236 2766 1238 2770 ·

196 2870 330 2920 summa
345 2845 489 2919 maculis
506 2846 663 2919 violaceis
687 2846 815 2943 ubique
839 2848 1005 2928 foedatur.
1056 2854 1192 2934 Venter

195 2991 359 3066 perquam
375 2967 596 3039 intumescit:
620 2965 711 3039 oculi
734 2978 867 3063 praeter
891 2983 1052 3048 naturam
1075 2979 1192 3054 rubes-

197 3096 293 3173 cunt,
319 3085 416 3159 venis
441 3088 660 3159 membranae
675 3083 835 3161 admotae
851 3095 1019 3189 sanguine
1041 3097 1193 3176 refertis:

195 3204 394 3276 membrana
408 3202 591 3276 ventriculi
608 3215 712 3296 atque
728 3204 887 3279 intestini
911 3210 1037 3286 intima
1057 3216 1193 3293 inflam-

196 3322 369 3406 mationis,
386 3330 422 3392 et
438 3319 624 3415 aliquando
639 3344 854 3418 gangraenae
880 3311 1103 3427 praegressae,
1120 3364 1192 3413 ves-

194 3442 284 3540 tigia
299 3439 460 3515 ostendit.
512 3438 666 3514 Subinde
681 3442 888 3518 intestinum
907 3446 965 3522 hic
988 3451 1060 3527 illic
1085 3483 1195 3556 aequo

195 3562 376 3662 angustius
392 3561 570 3659 reperitur,
589 3559 685 3634 haud
701 3587 795 3636 secus
812 3575 916 3663 atque
932 3568 1042 3646 eolica
1058 3578 1194 3655 absum-

195 3683 274 3780 ptis.
320 3679 505 3754 Pulmonis
522 3705 602 3754 vasa
617 3681 710 3755 ultra
725 3686 1007 3765 consuetudinem
1025 3699 1194 3794 sanguine

196 3800 336 3879 subatro
353 3809 490 3896 turgere
507 3797 627 3874 solent.
679 3799 857 3898 Siquidem
881 3826 1054 3885 Aennrcr
1079 3839 1196 3894 omnes

197 3943 242 3995 ex
257 3916 350 3991 facili
367 3929 471 4015 atque
487 3918 640 3993 celeriter
656 3945 677 3992 a
693 3945 792 3995 succo
807 3926 989 4001 ventriculi
1005 3928 1193 4029 liquantur,

196 4037 341 4136 ideoque
366 4038 434 4111 cito
459 4040 610 4136 absorpti
635 4043 802 4140 sanguine
828 4045 1088 4128 circumfluente
1105 4059 1195 4149 'nris-

197 4167 339 4232 centurt
368 4156 501 4231 medico
515 4182 694 4255 nunquam
710 4159 793 4236 licet
807 4160 873 4237 hoc
889 4191 1072 4255 venenum,
1088 4173 1212 4249 intro'

197 4284 314 4374 specto
328 4273 500 4364 cadavere,
517 4274 779 4375 deprehendere.
809 4279 953 4359 Clemia
969 4286 1067 4361 nulla
1083 4289 1197 4368 adhuc
