3276 5194
631 548 686 599 nn
706 546 810 597 01210.
1156 527 1227 595 aol

211 724 313 799 odore
331 724 450 797 eodem
470 722 647 794 adstantes
664 719 822 792 offendit.
863 716 999 789 'Homo
1016 717 1078 789 vix
1099 727 1161 787 aut
1185 740 1233 787 ne

212 845 271 915 vix
302 842 443 937 quidem
474 841 712 932 incitamentis
738 837 794 909 vel
821 836 996 907 acerrimis
1026 833 1236 907 excitandus
1267 910 1275 917 ,

213 972 275 1031 est.
328 959 501 1039 Demum,
529 949 801 1051 apotactertboc
817 951 957 1035 laxatis,
967 952 1077 1022 xurina
1094 962 1131 1023 et
1148 959 1235 1022 ster·

213 1103 273 1148 cus
306 1077 415 1147 animi
449 1076 586 1166 injussu
619 1072 818 1143 elabuntur.
888 1067 1073 1153 Quamdiu
1107 1066 1236 1161 aliquis

213 1194 324 1266 tantis
340 1192 443 1263 malis
461 1190 670 1285 supervivat,
688 1189 862 1260 incertum
880 1197 956 1259 est:
986 1185 1057 1271 alii,
1086 1209 1147 1257 sex
1175 1183 1237 1257 ho-

215 1313 274 1397 ris,
291 1311 352 1383 alii
369 1309 489 1381 decem
508 1307 563 1379 vel
577 1306 761 1407 duodecim
790 1306 933 1390 exactis,
960 1314 1131 1400 pereunt:
1161 1328 1238 1399 per-

216 1430 330 1525 pauci,
347 1428 430 1524 opto
447 1451 555 1497 manu
573 1424 715 1520 largiori
743 1434 894 1518 sumpto,
921 1446 992 1493 non
1017 1423 1113 1494 iutra
1138 1419 1239 1492 horas

216 1567 335 1629 xxw,
353 1554 488 1615 certeve
506 1563 657 1626 xxxvi,
676 1542 830 1612 animam
849 1540 985 1611 ducunt
1003 1550 1207 1612 extremam.

267 1661 478 1757 Aliquando
495 1660 619 1733 modus
636 1658 713 1756 opii
736 1661 861 1754 ingens
879 1669 1040 1752 acceptus
1063 1658 1167 1729 initio
1183 1681 1241 1729 vo-

216 1781 346 1851 mitum
356 1789 503 1864 movet:
530 1777 639 1872 quisi
658 1777 802 1860 accedit,
822 1800 959 1847 summa
984 1799 1048 1870 ope
1070 1776 1187 1868 juvari
1204 1786 1241 1846 et

217 1898 393 1993 provocari
410 1896 538 1980 debet,;
566 1895 615 1966 sic
642 1905 683 1964 ut
708 1893 774 1966 hoc
790 1917 965 1965 venenum
991 1890 1172 1985 exitiabile
1188 1894 1242 1962 in-

219 2013 263 2084 de
280 2014 450 2107 ejiciatur.
501 2010 561 2083 At
579 2034 658 2081 vero
675 2009 781 2081 simul
797 2020 904 2104 atque
922 2010 1023 2104 signa
1039 2011 1116 2102 jam
1133 2008 1243 2080 relata

220 2130 495 2225 supervenerint,
512 2128 543 2199 si
572 2127 723 2200 vomitus
752 2128 846 2197 inter
880 2126 1051 2219 principia
1079 2123 1241 2208 defuerit,

219 2270 401 2341 nunquam
427 2269 490 2315 sua
517 2252 641 2337 sponte
667 2241 827 2315 invadit:
853 2243 925 2311 imo
943 2265 1023 2312 vero
1038 2239 1243 2312 difficillime

200 2388 203 2392 ’
223 2365 335 2436 cietur
351 2386 361 2446 3
389 2364 488 2455 cujus
506 2361 556 2431 rei
573 2361 745 2432 rationem
762 2383 847 2430 mox
863 2382 1035 2454 exponere
1052 2359 1155 2430 nitar.
1184 2384 1187 2389 ⁴

273 2477 312 2550 Si
329 2477 408 2572 quis
425 2473 568 2545 modum
587 2474 755 2569 exiguum
773 2471 850 2570 opii
864 2497 935 2544 non
957 2472 1169 2546 assuefactus
1192 2475 1246 2544 in-

221 2596 324 2691 gerit,
349 2593 379 2662 is
395 2592 500 2685 longe
518 2591 621 2663 aliter
638 2616 674 2662 se
690 2589 807 2661 habet.
858 2587 967 2679 Vires
992 2591 1101 2661 animi
1119 2601 1156 2661 et
1173 2614 1245 2661 cor·
1266 2612 1270 2621 ’

221 2713 314 2807 poris
337 2708 433 2781 haud
451 2732 575 2804 parum
593 2708 813 2801 concitantur
828 2733 837 2788 ;
863 2730 903 2778 eo
920 2717 962 2779 ut
979 2704 1083 2780 homo
1100 2709 1245 2804 impune

222 2852 360 2901 summo
386 2825 496 2897 labori
525 2834 587 2896 aut
614 2822 734 2921 frigori
758 2848 794 2895 se
811 2823 975 2917 objiciat:
1003 2848 1139 2911 summa
1156 2826 1246 2918 cutis

222 2948 353 3041 ubique
369 2955 505 3041 praeter
523 2943 664 3015 solitum
684 2941 873 3025 incalescit,
901 2952 937 3013 et
963 2941 1142 3014 interdum
1164 2967 1247 3039 pru-

223 3068 293 3137 rit:
327 3075 444 3136 motus
471 3063 675 3134 arteriarum
707 3060 879 3156 pleniores
905 3072 942 3132 et
969 3060 1150 3155 aliquanto
1177 3072 1247 3134 tar-

172 3170 180 3187 ’
223 3186 336 3256 diores
353 3184 470 3266 fiunt3
503 3180 712 3253 secernenda
736 3189 773 3252 et
800 3179 1017 3252 excernenda
1045 3181 1166 3252 minus
1195 3206 1247 3252 se-

222 3311 417 3387 cernuntur
444 3309 481 3369 et
507 3307 768 3381 excemnutur;
799 3295 954 3381 fortasse,
985 3323 1026 3369 eo
1051 3298 1145 3393 quod
1171 3298 1247 3396 opii
1308 3295 1312 3299 ’
1355 3314 1358 3319 ’

225 3432 279 3493 est
309 3429 427 3491 motus
453 3440 583 3500 ornnes,
610 3417 671 3511 qni
697 3415 806 3486 animi
823 3417 960 3510 injussu
977 3417 1080 3502 fiunt,
1099 3417 1245 3489 tardare.

203 3600 205 3607 .
226 3540 339 3624 Hinc,
359 3537 427 3609 alvi
445 3535 606 3632 pigrities
623 3530 747 3629 optario
765 3543 946 3628 sumptum
964 3534 1104 3629 excipit.
1155 3533 1247 3605 Nos·

226 3685 263 3732 se
283 3664 398 3754 juvat,
428 3654 494 3727 hoc
510 3652 807 3725 medicamentum
826 3651 962 3723 modice
979 3662 1160 3749 acceptum
1177 3677 1246 3725 non

227 3799 362 3869 semper
378 3773 524 3856 efficere,
551 3781 594 3847 ut
619 3768 723 3845 homo
739 3768 914 3854 dormiat3
942 3770 1100 3856 subinde,
1118 3782 1247 3858 contra,

228 3916 389 3965 somnum
407 3915 530 3962 arcere.

278 4010 459 4104 Denique,
477 4009 586 4103 signis
598 4012 673 4103 jam
692 4010 892 4081 memoratis
909 4008 1006 4107 (opio
1023 4010 1155 4083 seilicet
1171 4036 1248 4106 par-

228 4155 266 4202 ce
294 4129 433 4223 ingesto
464 4126 564 4219 ortis)
595 4124 710 4197 denuo
733 4126 903 4199 accedunt
921 4127 1068 4223 languor
1085 4127 1195 4200 animi
1213 4136 1248 4197 et

228 4247 377 4342 corporis
403 4242 621 4341 impatibilis,
648 4268 780 4316 necnon
801 4270 919 4317 omnes
938 4248 1089 4318 actiones
1106 4245 1248 4316 interio-

980 4382 991 4425 1
