3276 5194
410 511 481 579 334
760 519 814 574 nn
833 517 1064 572 snooflorm.

409 704 487 785 luae
512 701 666 800 ejusdem
692 709 853 772 naturam
878 697 1075 773 illustravit.
1126 692 1253 795 Neque
1269 718 1350 773 sane
1370 700 1411 775 id

289 898 294 911 ,
408 824 528 897 mirari
558 829 720 920 oportet3
752 817 923 916 siqnidem
955 816 1128 895 demone
1158 840 1330 914 pnrpauoo
1356 838 1411 895 res

408 965 530 1016 omnes
552 951 645 1015 terra
665 947 768 1012 natas
790 937 1018 1013 eonstituunt.
1067 934 1176 1025 Quod
1191 935 1237 1011 ad
1249 935 1410 1013 ludendi

408 1060 592 1145 rationem,
614 1057 688 1131 sine
703 1054 811 1135 dubio
826 1055 981 1152 agaricus
997 1053 1204 1140 absorbeor,
1230 1052 1277 1127 ad
1288 1052 1411 1131 humo·

409 1204 465 1254 res
479 1180 732 1255 circumeuntes
747 1174 922 1263 desertum
948 1172 1140 1270 iisdemque
1155 1174 1339 1251 immixtos
1350 1203 1410 1275 go-

408 1299 483 1375 neri
499 1322 641 1374 nervoso
657 1298 868 1395 perniciem
882 1296 934 1370 fit.

616 1564 828 1632 ccchvl.
866 1564 929 1630 DE
952 1564 1212 1629 ALOOHOLE.

449 1755 665 1829 'Amorion
683 1764 736 1828 est
756 1753 869 1850 liquor
894 1751 955 1824 ille
979 1750 1127 1836 subtilis,
1151 1750 1249 1836 levis,
1271 1751 1413 1850 pellaei.

411 1876 488 1964 dus,
517 1888 623 1974 atque
650 1871 930 1958 inflammandus,
959 1871 1020 1970 qui
1045 1873 1126 1948 vino
1154 1882 1217 1945 aut
1242 1875 1413 1961 cerevisia,

413 1997 522 2070 aliove
547 2020 645 2070 sueoo
660 1995 836 2068 ebrietatis
860 1991 1053 2067 moliendae
1068 1995 1215 2091 potenti,
1241 1994 1411 2081 calefacto,

257 2142 261 2147 ·
407 2120 446 2190 in
472 2114 618 2189 sublime
642 2113 760 2187 fertur.
811 2110 959 2186 Perraro
984 2135 1122 2210 purum,
1149 2113 1187 2185 id
1213 2125 1273 2200 est,
1301 2138 1409 2210 aquae

409 2261 546 2336 prorsus
562 2259 693 2332 expers,
706 2243 946 2331 praeparatum
963 2231 1161 2330 frequenter
1176 2258 1274 2331 porro
1290 2233 1410 2309 alienis

414 2354 619 2453 quibusdam
653 2354 826 2438 misoetur,
853 2352 1063 2448 praesertim,
1094 2351 1176 2426 oleis
1205 2352 1412 2440 volatilibus,

412 2475 532 2549 aliisve
547 2474 681 2547 naturis
696 2466 913 2545 aroomtioir.
939 2470 1029 2546 Oleo
1044 2473 1222 2546 baccarum
1234 2472 1415 2573 Jootperi

413 2592 608 2670 commonia
630 2594 816 2678 imbutum,
842 2612 1020 2665 sanamus
1037 2613 1264 2668 asrnmcos
1282 2595 1414 2685 (vema-

412 2716 501 2804 orrle‚
516 2718 611 2808 ern)
629 2727 793 2800 vocatur3
810 2739 832 2786 a
847 2713 937 2787 vinis
950 2712 1099 2786 Gallicis
1111 2724 1319 2802 extractum,
1333 2715 1413 2789 An-

413 2834 513 2934 glioe,
529 2853 723 2916 aaaron
753 2832 797 2905 ab
813 2829 1016 2935 Araodine
1038 2831 1297 2933 sacelorffiaro,
1322 2834 1414 2933 apud

414 2954 524 3029 Indos
540 2950 793 3036 Ooeidentales,
819 2950 1018 3038 deductum,
1045 2951 1209 3049 Angliee,
1226 2976 1333 3042 ΒΗΜ,1
1354 2980 1414 3028 no-

413 3075 579 3147 minatur.
630 3070 728 3145 Raro
744 3071 905 3178 ¹equidem
922 3073 1102 3158 sineemm,
1124 3073 1161 3146 id
1178 3090 1239 3159 est,
1256 3077 1417 3150 omnibus

414 3190 535 3264 alienis
551 3212 710 3276 vamum,
724 3189 917 3287 praeparari
931 3202 1057 3289 potest

461 3308 679 3385 BRANDIUS
701 3310 830 3409 aliique
846 3312 970 3409 nuperi
984 3314 1232 3411 experimentis
1244 3314 1418 3391 institutis

414 3438 622 3504 monstrasse
652 3427 826 3514 videntur,
860 3450 1052 3504 Amorion
1084 3432 1198 3529 ipsum
1227 3432 1418 3531 liqrrorilms

414 3548 636 3626 fermentatis
663 3551 840 3624 ebrietatis
872 3551 1060 3626 movendae
1091 3556 1293 3653 potentibus
1321 3554 1423 3631 houd

414 3671 545 3754 inesse3
571 3679 608 3744 at
623 3671 715 3744 inter
730 3669 983 3745 destinandum
996 3673 1082 3747 lieri.
1141 3673 1331 3770 Siquidem,
1352 3699 1421 3774 po·

416 3800 538 3866 tarrae
548 3790 752 3878 ministerio,
765 3802 936 3888 quantum
951 3789 1118 3869 abablio
1133 3794 1234 3892 prius
1244 3779 1437 3893 adieetum

417 3910 533 3997 firerit,
560 3910 599 3984 id
615 3914 752 4010 seiungi
767 3914 897 4011 possit3
926 3914 1075 4011 amplius
1101 3927 1229 4004 autem,
1255 3920 1422 3995 nonnisi

417 4025 527 4102 calore
551 4027 700 4116 admoto,
725 4030 996 4129 didrmgendum
1020 4036 1076 4109 sit.
1128 4036 1236 4110 Hane
1252 4039 1421 4133 quaestio-

416 4171 498 4223 nem
515 4147 619 4222 altius
636 4151 767 4246 agitare
783 4176 854 4225 non
871 4177 956 4251 opus
972 4167 1032 4231 est

466 4270 670 4344 Anconon
684 4282 736 4346 est
748 4271 860 4370 liquor
871 4275 1074 4375 pellucidae,
1088 4290 1189 4355 tanto
1200 4304 1292 4378 aqua
1301 4267 1418 4367 lenior,
