3326 5188
627 501 683 557 nn
701 502 866 558 nnuma,
1187 487 1262 567 267

238 680 330 766 dem,
356 704 445 775 quae
475 676 619 752 aeidum
646 703 862 754 arsenarum
873 707 885 761 ;
911 678 1044 751 efficere
1061 692 1103 753 nt
1120 681 1261 754 eaedem

239 799 310 871 fere
327 808 441 884 uotae,
467 797 632 870 cadavere
655 799 880 894 introspecto,
907 797 1098 893 prodeant3
1126 798 1288 871 eodem--

147 912 149 917 ⁴
240 942 308 1012 que
335 916 439 989 modo
464 940 599 988 nocere.
657 915 753 987 Satis
778 905 852 1010 jam
884 914 1078 988 memorata
1106 915 1266 1003 edocent,

239 1033 326 1106 haee
341 1036 476 1106 'venena
492 1033 590 1128 prius
607 1034 792 1116 absorberi,
817 1031 1094 1128 humoribusque
1119 1035 1265 1106 circum-

240 1153 432 1226 fluentibus
445 1151 670 1234 commisceri,
686 1175 791 1245 quam
805 1161 907 1223 notas
921 1151 1084 1224 exitiosas
1099 1151 1263 1227 inferant.

241 1271 439 1354 Emonam,
454 1270 705 1365 experimentis
721 1267 843 1354 fretus,
857 1272 1035 1343 cerebrum
1053 1282 1089 1344 et
1103 1296 1170 1357 oor,
1183 1297 1268 1369 prae

242 1388 386 1483 reliquis
404 1388 584 1472 viscerum,
610 1411 631 1458 a
656 1407 813 1471 Bnnrrn
831 1391 975 1483 ejusque
994 1387 1124 1460 salibus
1145 1388 1237 1461 laedi
1247 1413 1263 1473 ‚3

242 1517 460 1602 mortemque
477 1506 601 1578 iisdem
620 1528 682 1599 per
700 1505 906 1600 sanguinem
925 1504 1150 1599 inquinatum
1165 1507 1267 1578 affeo

244 1626 290 1697 tis
307 1624 436 1709 deberi,
454 1625 646 1697 existimat.
699 1622 827 1718 Neque
844 1647 924 1696 vero
950 1633 1058 1719 negat
1083 1622 1175 1696 hanc
1199 1637 1270 1697 ter-

243 1767 318 1814 ram
329 1746 473 1838 ejusque
490 1740 643 1828 murias,
655 1741 788 1838 largius
803 1742 929 1826 indita,
943 1754 979 1830 et
988 1741 1147 1845 pauxillo
1160 1769 1270 1839 aquae

243 1862 368 1946 mixta,
385 1862 621 1934 membranam
651 1881 853 1933 mucosAM
879 1861 1016 1933 irritare
1042 1871 1078 1934 et
1109 1861 1269 1946 diruere3

246 1991 352 2075 atque
369 1979 499 2052 exinde
514 1990 616 2053 notas
631 1978 907 2053 luctuosissimus
924 1979 1040 2051 moliri
1056 2004 1165 2076 posse.

248 2284 511 2352 CCLXXXIV.
546 2284 610 2346 DE
634 2281 820 2345 BARITA
841 2282 1161 2361 EJUSDEMQUE
1185 2285 1274 2348 Mn.

510 2409 662 2471 RIATE
686 2407 1004 2473 DETEGENDIS.

296 2631 331 2679 α.
360 2605 399 2679 si
416 2601 563 2677 aeidum
579 2601 847 2700 saumaricum,
873 2612 936 2674 aut
958 2601 1105 2697 quodvis
1121 2602 1272 2701 soboba-

200 2781 203 2786 .
250 2734 327 2797 tuor
343 2746 434 2818 aqua
451 2716 693 2792 solvendorum
711 2716 851 2814 liquori,
877 2719 933 2789 eni
960 2715 1083 2790 berito
1109 2729 1171 2791 aut
1194 2744 1272 2792 mn·
1315 2737 1318 2741 ’

249 2842 331 2915 rias
348 2837 493 2913 bardae
510 2839 649 2911 subesse
665 2837 900 2921 existimatur,
914 2835 1102 2931 adjicitn13
1119 2836 1275 2935 solandus

250 2959 394 3047 barinae
422 2956 581 3031 albidum
615 2967 652 3030 et
685 2967 883 3029 concretum
916 2954 1037 3028 statim
1065 2955 1271 3030 deseendit:

252 3076 456 3172 (dummodo
474 3074 682 3148 alterutrum
700 3058 819 3147 eorum
837 3072 955 3168 adsit).
995 3072 1090 3145 Scire
1103 3072 1187 3147 lieet
1198 3071 1275 3148 sol-

244 3196 346 3295 pbos
370 3193 513 3268 baritoe
537 3194 582 3264 ab
606 3189 713 3264 arido
729 3189 865 3265 uitrico
890 3190 1012 3266 addito
1038 3190 1202 3278 dissolvi;
1235 3218 1278 3266 eo

252 3314 347 3414 quod
362 3311 490 3389 exinde
507 3311 545 3381 in
563 3306 687 3381 mitras
704 3306 859 3395 baritae,
877 3320 915 3382 et
929 3308 1199 3408 supersulpbas
1216 3309 1279 3384 bo·

252 3432 350 3507 ritae
361 3429 534 3512 vertitnr3
554 3450 701 3522 quorum
719 3437 910 3522 utrumque
931 3451 1022 3522 aqua
1037 3427 1203 3500 solvendo
1219 3454 1281 3524 ap-

254 3564 293 3626 ta
308 3559 372 3624 est.

302 3667 333 3742 b.
360 3666 401 3741 Si
426 3688 517 3761 aqua
533 3659 639 3737 acido
655 3658 848 3735 carbonieo
865 3662 1014 3746 imbuta,
1040 3672 1103 3735 aut
1128 3659 1279 3736 euocar-

258 3785 371 3861 bonas
396 3784 548 3879 cujusvis
565 3777 739 3854 alendum
761 3780 897 3876 liquore
924 3791 1085 3876 suspecto
1102 3781 1280 3868 miscetur,

255 3900 437 3978 corbones
466 3897 610 3972 baritae
636 3895 793 3972 albidum
821 3923 983 3996 praeceps
1011 3898 1142 3973 decidit
1178 3901 1280 3975 dum·

184 4026 193 4041 '
254 4020 360 4095 modo
377 4019 490 4115 liquor
507 4014 663 4092 baritum
680 4016 819 4092 habeat.
