3276 5194
386 528 465 600 306
766 522 771 529 ’
808 548 864 599 nn
882 548 991 599 omo.

1628 620 1630 757 l

387 723 493 796 dictis
519 731 761 818 anteponunt3
792 734 886 796 recte
911 748 957 795 an
986 746 1094 807 secus,
1121 736 1198 794 non'
1222 724 1420 819 comperire

386 843 498 938 potui.
565 886 568 890 ι

438 960 478 1034 Si
495 962 647 1032 vomitus
664 960 747 1032 cieri
764 969 927 1054 nequeat,
953 958 1054 1030 nulla
1069 984 1167 1032 mora
1192 961 1417 1055 interposita,

386 1081 677 1175 instrumentum,
704 1079 760 1151 cui
778 1103 906 1150 nomen
925 1086 947 1118 “
962 1076 1285 1175 mornacii-grumpi?
1308 1103 1435 1179 expe-l

386 1197 549 1269 siendum
566 1209 636 1270 est:
663 1208 700 1270 et
717 1197 926 1292 tempestive
944 1194 1144 1268 adhibitum
1166 1195 1414 1292 proculdubio

385 1311 564 1387 hominem
585 1315 720 1386 salvum
738 1313 871 1386 reddet.
897 1313 1077 1385 Nonnulli
1094 1313 1270 1385 affirmant
1283 1338 1411 1408 aquam

386 1430 551 1528 frigidam
577 1431 652 1503 cuti
678 1429 833 1504 nudatae
859 1431 1007 1502 affusam
1034 1455 1075 1502 eo
1091 1455 1202 1526 genus
1226 1450 1410 1502 nervosum

277 1626 283 1634 ,
387 1552 544 1635 incitare,
568 1560 605 1622 et
625 1553 700 1645 ejus
723 1561 896 1646 torporem
915 1549 1046 1632 tollere,
1074 1558 1116 1620 ut
1133 1550 1285 1621 vomitus
1307 1547 1410 1621 facile

386 1671 531 1745 ciendus
561 1671 616 1742 sit.
669 1669 796 1754 Quum
826 1694 906 1739 vero
934 1667 1063 1738 medici
1092 1667 1235 1738 demum
1265 1666 1414 1737 modurn

387 1792 568 1862 certiorem
595 1787 781 1859 uentriculi
808 1786 974 1881 deplendi
1002 1787 1290 1881 excogitaverint,
1319 1785 1409 1857 scili-

386 1917 453 1991 cet,
478 1906 709 1978 instrumenti
724 1931 791 2008 ope
811 1909 886 2001 jam
906 1907 1043 2000 saepius
1061 1904 1183 1986 relati;
1209 1903 1280 1975 alia
1302 1929 1416 1975 reme*

385 2019 446 2095 dia
467 2021 540 2096 huc
555 2023 815 2096 accommodata
832 2024 1034 2095 meminisse
1050 2047 1140 2119 pene
1157 2045 1409 2117 supervacuum

386 2154 451 2215 est.
1422 2230 1426 2245 .

441 2260 670 2357 Sanguinem,
689 2286 778 2333 vena
793 2260 913 2344 incisa,
932 2261 1074 2331 mittere
1090 2259 1271 2330 interdum
1284 2262 1388 2352 juvat
1399 2281 1416 2330 ε’

386 2379 431 2452 de
448 2404 518 2475 quo
546 2389 666 2451 tamen
692 2379 845 2451 remedio
870 2380 964 2450 inter
979 2378 1131 2450 medicos
1148 2403 1219 2450 non
1236 2379 1412 2450 convenit.

386 2497 575 2583 Quantum
598 2498 759 2593 judicare
786 2522 1037 2593 possum-non
1060 2522 1165 2569 venas
1190 2496 1412 2569 vacuefacere

385 2617 497 2702 deoet,
527 2617 597 2688 nisi
626 2614 732 2686 homo
760 2626 888 2686 natura
917 2616 964 2686 sit
993 2614 1138 2710 plenior,
1173 2623 1209 2686 et
1242 2613 1288 2684 ad
1320 2638 1409 2710 apo-

379 2732 548 2832 plexiam
560 2733 734 2831 proclivis,
747 2732 937 2839 vultusque
953 2744 1091 2827 praeter
1108 2732 1268 2805 debitum
1285 2735 1410 2806 rubeat

387 2863 423 2925 et
440 2862 592 2948 turgeat.
645 2851 758 2923 Hisce
775 2851 868 2922 notis
886 2851 1102 2946 urgentibus,
1118 2849 1414 2948 venamjugulu-

385 2993 464 3044 rem
492 2996 605 3057 secare
633 2970 853 3065 praestabit3
891 2968 1019 3041 exinde
1052 2970 1152 3041 enim
1179 2972 1303 3065 capitis
1330 2958 1411 3043 uasa

349 3076 493 3184 ”quam
523 3087 677 3181 primum
708 3098 952 3159 exonerantur.
1010 3087 1243 3161 Manifestum
1274 3101 1338 3173 est,
1370 3091 1411 3161 ni-

379 3212 456 3304 jam
480 3207 658 3302 proposita
684 3232 741 3279 me
771 3207 972 3292 fefellerint,
1001 3210 1181 3305 sanguinis
1207 3210 1416 3282 missionem

299 3375 302 3380 -
384 3350 457 3399 non
474 3348 609 3420 semper
625 3324 787 3401 idoneam
804 3351 888 3401 esse.

358 3470 360 3473 ·
434 3446 587 3521 Veneno
610 3451 686 3543 jam
712 3450 868 3545 expulso,
899 3473 982 3544 prae
1011 3449 1186 3534 omnibus,
1215 3449 1417 3522 cavendum·
1507 3480 1510 3485 ¹
1625 3466 1630 3591 g

383 3568 462 3654 erit,
474 3592 520 3640 ne
532 3565 638 3639 homo
650 3578 850 3663 soporetur;
870 3568 977 3640 variis
990 3566 1231 3640 incitamentis
1247 3565 1414 3657 hucgcon-
1629 3594 1630 3661 t

239 3744 249 3765 2
320 3679 323 3684 ¹
384 3689 498 3767 cessis.
551 3686 653 3760 Inter
670 3685 766 3771 haec,
792 3685 1005 3783 praepollere
1018 3685 1183 3760 videntur
1199 3686 1343 3758 caeteris
1356 3709 1412 3770 ea,
1629 3664 1630 3707 ³

383 3828 474 3899 quae
492 3805 648 3900 spirandi
665 3806 894 3880 instrumenti
911 3806 1104 3890 suscitant3
1131 3794 1255 3889 veluti,
1272 3800 1420 3877 alcohol

383 3922 655 4007 amrrwuiutum
667 3922 790 4020 liquor
800 3922 1013 4010 ammoniae,
1021 3914 1246 3996 carbonam
1256 3933 1320 3996 aut
1329 3945 1411 3996 suc-

382 4038 488 4114 ciuus
512 4041 715 4114 ammoniae
739 4045 882 4115 naribus
897 4067 988 4140 pene
1005 4024 1228 4115 continenter
1244 4041 1385 4113 illatum
1397 4064 1416 4125 ;,

381 4175 517 4234 necnon
534 4157 791 4242 medicamenta
809 4163 931 4236 eadem
958 4173 1021 4234 aut
1049 4160 1180 4234 similia
1196 4161 1328 4257 pectori
1354 4163 1409 4230 in-

378 4278 534 4368 stituta,
556 4273 662 4376 atque
686 4305 777 4375 aqua
792 4280 930 4376 'frigida
957 4280 1056 4353 faciei
1075 4304 1222 4376 aspersa.
1275 4277 1328 4363 Si,
1351 4276 1408 4371 liis
