3326 5188
387 594 461 662 254
674 606 730 661 nn
750 607 863 667 auus
882 606 1135 663 auretenus.

357 840 361 847 ,
380 809 453 869 me,
481 785 537 857 vel
553 809 624 859 nou
642 786 785 858 omnino
811 786 995 870 absorberi,
1023 783 1170 879 ideoque
1197 809 1321 881 parum
1339 787 1409 861 lae-

389 903 470 977 dere
486 928 596 1000 posse.

378 1204 571 1297 'couxvn
604 1224 667 1286 nn
691 1222 855 1302 noune
880 1222 1173 1288 nnnnrnums
1196 1225 1408 1290 nemone

733 1350 1053 1416 vnuamrnan.
1187 1398 1206 1427 ,,

379 1620 383 1625 ‚
434 1534 594 1610 Infantes
623 1548 731 1634 atque
759 1536 870 1633 pueri,
899 1535 1105 1632 parentibus
1134 1545 1198 1608 aut
1227 1537 1403 1632 magistris

377 1668 453 1732 non
483 1657 735 1754 praesentibus,
760 1654 950 1739 interdum,
976 1679 1067 1751 aqua
1091 1655 1267 1729 bulliente
1287 1667 1402 1753 epota,

383 1776 530 1851 fortuito
547 1756 626 1850 sibi
636 1800 757 1849 necem
784 1773 1015 1847 adsciverunt.
1069 1772 1207 1847 Medici
1223 1798 1314 1872 pene
1330 1780 1402 1848 omss

380 1919 442 1966 nes
467 1894 534 1965 sibi
558 1892 764 1989 persuadere
790 1891 884 1965 soliti
910 1900 1005 1974 sunt,
1022 1901 1171 1964 mortem
1188 1890 1273 1966 inde
1289 1902 1398 1966 ortam

379 2010 649 2083 inflammationi
667 2009 853 2083 ventriculi
870 2007 1145 2103 quaesitissimae
1161 2033 1322 2082 accensae
1340 2012 1402 2082 tri-

378 2128 554 2202 buendam
573 2145 655 2202 e'ss‘e.
706 2127 809 2215 Quos
831 2139 953 2201 temen
968 2128 1088 2225 opinio
1104 2129 1218 2201 inanis
1236 2128 1400 2203 fefellisse
1534 2212 1536 2215 ,

379 2248 528 2321 videtur.
563 2247 633 2319 Vir
649 2248 745 2320 euim
761 2248 811 2320 rei
828 2247 984 2321 medicae
1001 2249 1264 2334 scientissimus,
1278 2248 1397 2321 MAR-

379 2362 514 2438 'snann
544 2364 673 2437 Hnnr,
693 2360 1045 2453 (VideV01.xii.0f
1070 2365 1395 2464 Medico-Chirurg.

374 2479 641 2577 Transactions)
660 2480 868 2555 monstrasse
888 2481 977 2555 mihi
995 2482 1145 2569 videtur,
1176 2508 1304 2580 aquam
1321 2482 1398 2556 bul-

308 2694 312 2701 ,
374 2594 524 2673 lientem
543 2610 697 2673 voratam
716 2600 957 2696 strangulare:
983 2602 1164 2685 nimirum,
1182 2603 1286 2675 fibras
1302 2601 1399 2702 plta-

277 2757 282 2766 ·
373 2718 514 2818 tyogis
528 2721 690 2792 motriees
707 2720 750 2791 ab
763 2743 804 2791 ea
817 2732 1036 2817 exasperatas
1051 2743 1198 2818 spasmo
1210 2723 1395 2806 eoamtari3

372 2847 414 2910 'et
430 2837 559 2910 exinde
575 2863 701 2933 aquam
718 2836 912 2910 ferventem
929 2834 1113 2912 retentam
1127 2850 1234 2934 atque
1259 2839 1398 2912 deseen-

373 2957 485 3032 rlendi
510 2958 753 3053 impotentem,
772 2957 906 3029 efficere
923 2967 966 3029 ut
981 2955 1178 3055 epiglottt's,
1196 2960 1399 3032 membrana

247 3143 249 3147 .
370 3073 543 3172 ‘glottidis
566 3077 705 3169 intima,
722 3087 907 3172 partesque
923 3075 980 3148 his
996 3077 1185 3172 proximae,
1203 3077 1398 3163 irritentur,

379 3194 655 3282 inflammentur,
673 3195 885 3290 demumque
911 3184 1124 3267 tumefactae
1145 3193 1281 3267 fistulas
1298 3195 1399 3292 spiri-

288 3304 290 3308 ’
380 3311 468 3387 tales
483 3315 626 3410 penitus
643 3313 839 3389 occludent.
891 3314 1040 3409 Aquam
1063 3311 1256 3387 ferventem
1282 3315 1398 3411 inges-

262 3452 265 3456 ’
379 3441 453 3504 tam
469 3426 522 3504 ita
537 3430 692 3505 occidere
707 3432 835 3507 docent
855 3442 962 3506 notae
979 3428 1190 3530 osphyoeioe
1205 3430 1320 3505 fatum
1338 3458 1398 3506 an-

378 3533 535 3624 teoedere
564 3549 698 3635 solitae,
719 3574 857 3623 summa
884 3574 964 3648 pars
993 3548 1132 3621 animae
1161 3548 1290 3622 canalis
1318 3563 1397 3647 post

376 3678 526 3743 mortem
555 3666 693 3753 elausa3
721 3692 856 3740 neenon
873 3667 948 3740 vita
976 3665 1094 3750 semel,
1105 3691 1242 3764 ..aspera
1272 3668 1398 3739 arteria

376 3785 628 3887 patefacienda,
652 3799 861 3861 conservata.
913 3785 976 3859 De
1000 3782 1067 3859 hoe
1083 3798 1217 3883 ,veneno
1234 3774 1397 3882 'amplius

378 3902 544 3982 disserere
561 3919 632 3979 non
650 3931 736 4002 opus
754 3932 827 3979 esse
845 3904 993 3977 videtur.
1079 3926 1081 3931 ’

519 4146 536 4196 3
