3342 5208
391 506 463 578 116
565 528 762 583 serranus
779 529 834 582 nr
852 528 1100 587 csucruous
1119 531 1257 589 urum.

386 700 468 762 uteri
492 701 669 764 communia
690 702 763 788 plus
781 703 925 766 minusve
946 716 1079 790 urgent3
1102 707 1202 770 veluti
1220 707 1311 771 dolor
1329 706 1415 773 dorsi

387 815 419 867 et
433 803 624 886 lumborum,
639 808 784 893 actioque
797 808 963 872 ventriculi
983 811 1177 895 perturbata.
1222 811 1414 894 Quinetiam,

386 908 465 973 citra
483 913 700 998 gouer-rhome
712 924 824 1005 notas,
853 926 910 977 aut
930 913 1182 1005 inflammationis
1205 938 1415 1003 praegressae,

384 1015 498 1079 humor
513 1017 615 1097 albus,
625 1032 683 1084 aut
692 1019 860 1084 subviridis
873 1031 929 1084 aut
940 1019 1051 1101 flavus,
1066 1033 1097 1086 et
1112 1022 1245 1087 subinde
1259 1044 1341 1101 acer,
1355 1042 1412 1110 per

387 1122 533 1208 vaginam
547 1126 656 1190 crebra
669 1125 852 1190 effunditur.

420 1404 548 1471 cxnr.
574 1407 808 1474 selaunus
831 1429 875 1472 m
900 1409 1186 1474 cancruoun
1208 1407 1372 1476 nuum.

808 1534 902 1616 (vide
917 1538 981 1619 cc.)

426 1719 537 1781 Sroua
552 1728 636 1794 sunt,
651 1716 738 1803 apud
751 1718 902 1781 foeminas
915 1719 1025 1780 aetatis
1038 1730 1214 1805 provectae,
1236 1729 1332 1803 atque
1345 1719 1409 1781 lca-

381 1819 651 1905 cophlegmaticar,
674 1843 710 1882 os
735 1822 817 1884 uteri
843 1821 985 1897 crassius,
1011 1820 1134 1897 durius,
1160 1823 1405 1906 amplificatum:

380 1922 470 1985 dolor
484 1924 565 1986 circa
579 1934 705 1986 uterum
725 1926 866 2001 acerbus,
889 1924 1015 2009 regione
1038 1926 1265 2011 hypogaatrica
1290 1949 1406 2011 pressa,

379 2037 513 2101 auctus,
536 2049 632 2112 porro
645 2028 708 2092 alvi
722 2028 893 2115 dejectione
902 2040 935 2092 et
949 2028 1042 2091 urina
1051 2028 1174 2092 reddita
1185 2040 1404 2114 exasperatus:

377 2135 472 2199 modo
483 2147 599 2215 tumor,
608 2135 863 2223 imposita'manu
879 2134 1075 2200 sentiendus:
1091 2135 1233 2222 pruritus
1244 2137 1326 2200 cutis
1339 2158 1406 2200 mo-
1472 2194 1478 2201 .

376 2241 491 2303 lestus:
515 2252 607 2309 notae
620 2242 738 2306 morbis
754 2242 836 2304 uteri
850 2262 1049 2305 communes:
1072 2240 1201 2303 demum
1215 2243 1405 2305 carentomu-

375 2346 418 2408 tis
432 2343 566 2418 indicia3
590 2345 748 2424 nimirum,
764 2346 854 2409 dolor
867 2346 1006 2409 acerbior
1019 2356 1050 2407 et
1065 2345 1156 2429 quasi
1170 2366 1284 2418 urens;
1307 2344 1405 2409 febris
1433 2393 1440 2407 .

374 2449 501 2531 hectico,
516 2451 686 2537 fluxusque
700 2452 793 2517 saniei
809 2452 922 2533 tenuis,
936 2450 1167 2529 foetidissimae,
1182 2460 1338 2515 cruentae.

585 2762 733 2826 CXLII.
760 2760 983 2825 HYDROPS
1006 2757 1183 2822 OVARII.

424 2940 900 3013 Dsn1u1u10.-Ovarium
924 2941 963 3011 in
988 2939 1166 3036 capsulam
1186 2938 1331 3012 humore
1347 2940 1398 3012 se·

375 3080 413 3128 re
438 3055 614 3150 pellucido
629 3055 822 3129 distentam
839 3079 1066 3143 conversum
1093 3055 1150 3128 vel
1174 3057 1214 3127 in
1238 3056 1395 3152 capsulas

373 3174 502 3268 plmes,
519 3172 624 3252 modo
640 3172 784 3259 clausas,
797 3172 902 3246 modo
918 3173 1012 3246 inter
1028 3198 1065 3246 se
1080 3173 1231 3258 hiantes,
1248 3170 1395 3245 humore

376 3289 509 3385 plenas,
527 3313 756 3364 conversum:
782 3289 957 3385 simulque
973 3290 1236 3388 amplificatum.

826 3501 937 3548 arcus.

412 3589 478 3652 Hic
498 3589 628 3653 morbus
642 3588 787 3651 mulieres
801 3586 980 3651 valetudine
994 3585 1068 3648 satis
1082 3585 1246 3648 commoda
1260 3606 1342 3663 usas,
1363 3598 1396 3650 et

371 3691 439 3755 aliis
451 3692 603 3779 hydropis
615 3693 782 3779 generibus
797 3712 921 3768 vacuas,
936 3687 1065 3774 aggredi
1075 3697 1187 3774 potest.
1218 3687 1331 3757 initio
1346 3701 1397 3753 tu·

368 3816 438 3858 mor
463 3797 606 3877 sentitur,
632 3796 718 3882 apud
741 3796 899 3883 regionem
922 3795 1048 3857 iliacam
1070 3790 1214 3855 dextram
1235 3792 1286 3855 vel
1309 3793 1396 3858 sinis-

369 3913 468 3963 tram:
498 3902 555 3985 qui
578 3902 666 3965 tarde
690 3902 832 3965 increscit
852 3911 885 3963 et
908 3898 1063 3972 ascendite
1086 3896 1259 3984 inaequalis
1280 3909 1339 3977 est,
1363 3911 1395 3963 et

366 4026 462 4069 manu
483 4027 649 4090 percussus
669 4006 835 4092 paululum
856 4004 998 4070 fluctuat.
1043 4006 1182 4068 Demum
1201 4015 1307 4068 tumor
1321 4025 1395 4068 ven-

365 4122 446 4175 trem
466 4132 546 4197 pene
558 4110 740 4175 universum
753 4123 907 4198 occupat3
931 4110 1092 4196 aliquanto
1106 4122 1211 4174 tamen
1227 4109 1392 4175 obscurius

363 4215 507 4297 fluctuat,
528 4238 625 4304 quam
638 4218 733 4283 ascite
747 4228 887 4303 urgente.
926 4216 1072 4302 Spirandi
1087 4214 1254 4284 difficultas
1277 4236 1392 4302 parum
