3326 5188
398 435 470 500 224
686 444 742 498 na
762 444 929 499 anninus
947 449 1128 501 curnam.

446 620 483 693 d.
503 621 541 694 si
557 619 807 695 sabaarboaos
817 630 993 719 potossoe
1010 648 1101 718 aqua
1112 622 1322 695 dissolutum
1340 645 1419 698 ace·

397 745 473 811 tate
495 738 605 836 capri
629 738 765 834 liquido
789 751 873 811 ante
901 739 1012 811 relato
1036 739 1418 825 monumentorum

399 856 517 954 nayda·
532 857 653 954 cupri,
671 857 885 930 subeoerulei
901 856 1035 941 eoloris,
1053 860 1174 931 statim
1191 859 1371 954 dejicitur]

444 997 472 1047 e.
504 974 544 1046 si
557 970 877 1070 ferro-borussiae
898 980 1071 1068 potossoe
1095 977 1253 1071 aerugini
1270 976 1416 1049 dissolu-

395 1107 453 1165 tae
469 1091 631 1163 additur:
663 1101 788 1163 natura
812 1089 910 1162 fusea
934 1115 1097 1186 praeceps
1122 1093 1235 1176 cadit;
1264 1117 1353 1189 quae
1371 1117 1416 1167 ex

395 1205 600 1280 borussiote
624 1206 734 1303 capri
759 1223 865 1301 atque
890 1204 1095 1280 borasaiate
1105 1207 1214 1306 ferri
1238 1212 1413 1306 oomponi·

394 1335 472 1398 tur:
500 1335 704 1420 supernatat
721 1350 801 1397 vero
819 1331 942 1397 aeetae
954 1331 1138 1421 potossae.

429 1442 470 1541 f
492 1444 587 1516 Prae
603 1443 776 1526 omnibus,
804 1444 833 1515 si
850 1440 996 1515 orseais
1018 1450 1193 1542 potassoe
1209 1470 1301 1540 aqua
1315 1445 1413 1519 sola·
1519 1471 1521 1474 ⁴

395 1570 456 1634 tus
471 1560 527 1633 vel
544 1559 678 1633 aestati
694 1562 803 1656 cupri,
828 1559 884 1633 vel
900 1561 1009 1633 cuivis
1036 1561 1097 1633 alii
1123 1563 1250 1634 salium
1272 1552 1413 1660 cupreo·

394 1704 470 1751 rum
489 1677 635 1772 liquido,
645 1677 839 1771 -adjioitnr3
861 1679 983 1751 statim
995 1677 1142 1752 arsonis
1158 1679 1278 1779 cupri,
1292 1707 1413 1757 verna-

318 1778 327 1793 *
394 1798 471 1870 aule
488 1807 510 1867 f‘
523 1793 697 1868 Seheele's
707 1802 861 1892 greea,'’
878 1797 1067 1871 deseendit.
1121 1798 1236 1871 Haud
1252 1800 1347 1875 ullus
1369 1828 1413 1875 ex

393 1914 556 1986 omnibus
581 1913 679 2007 cupri
703 1906 878 1985 indicibus
903 1913 968 1986 hoo
993 1915 1155 1988 subtilior
1170 1927 1243 1991 est:
1270 1922 1412 1993 caeteris

393 2057 434 2104 eo
453 2038 617 2126 praestat,
644 2027 738 2124 quod
763 2028 886 2102 modus
913 2029 1021 2127 huJus
1049 2034 1174 2104 veneni
1201 2036 1411 2130 perexiguus

393 2154 469 2245 ejus
485 2149 614 2223 astioni
632 2157 740 2242 patet.
1168 2141 1173 2151 ’

353 2428 358 2434 ’
485 2452 716 2533 ccxxxiv.
748 2452 812 2518 nn
836 2454 1072 2520 nansnns
1095 2456 1315 2523 ussurus
1386 2482 1390 2486 ‚

442 2653 569 2748 Longe
595 2650 721 2722 melius
743 2662 797 2723 est
821 2649 887 2723 hoo
903 2675 1078 2724 venenum
1102 2656 1243 2742 evitare,
1261 2657 1409 2730 exclusis

392 2772 553 2845 omnibus
570 2770 660 2841 vasis
689 2771 835 2865 cupreis,
856 2770 912 2842 uti
936 2773 1012 2863 jam
1042 2775 1216 2867 proposui,
1234 2800 1339 2871 quam
1365 2777 1410 2849 de

391 2886 554 2962 remediis
578 2884 720 2957 utendis
738 2910 849 2980 agere.
901 2884 1030 2957 Nescio
1047 2911 1130 2960 sane
1147 2915 1191 2961 an
1210 2891 1285 2963 ulla
1301 2918 1410 2966 reme·

390 3006 449 3078 dia
464 3003 633 3076 facilitate
649 3001 755 3096 hujus
772 3003 897 3074 veneni
914 3002 1133 3080 obtundendi
1151 3004 1317 3100 polleant.
1371 2998 1410 3082 Si

389 3123 523 3194 vomitu
541 3143 605 3214 ope
622 3119 747 3191 radicis
763 3115 983 3190 Callicoccoe
996 3115 1282 3214 Ipeeoeaootae
1297 3123 1409 3212 illato,

390 3262 564 3312 venenum
581 3239 703 3332 eJicere
719 3260 789 3308 non
807 3235 914 3320 lieet3
942 3260 1047 3329 quam
1074 3235 1262 3325 celerrime,
1280 3242 1409 3315 instru-

390 3349 521 3440 mento,
538 3357 595 3427 eui
610 3379 739 3427 nomen
759 3363 780 3394 ‘⁶
799 3351 964 3425 Stomaeh
984 3353 1123 3448 Pump'’
1141 3357 1313 3433 utendum
1330 3362 1407 3434 erit.

390 3474 606 3571 Liquoribus
624 3472 706 3544 dein
722 3471 909 3544 mulcendo
925 3471 1070 3557 idoneis,
1081 3476 1319 3549 membranam
1332 3503 1409 3550 mu-

346 3673 350 3678 ·
388 3614 502 3663 cosam
526 3590 617 3661 tueri
643 3612 730 3682 opus
753 3587 841 3670 erit;
869 3610 938 3681 quo
955 3588 1073 3659 minus
1090 3589 1257 3675 irritetur,
1275 3593 1304 3663 si
1321 3593 1407 3687 quid

387 3708 514 3779 veneni
531 3704 645 3808 adhuc
661 3706 759 3775 intus
775 3703 895 3777 lateat.
923 3704 962 3775 si
980 3705 1212 3782 inflammatio
1229 3709 1405 3796 exardeat,

387 3821 549 3894 remediis
578 3824 615 3891 in
646 3821 959 3892 inflammationem
990 3822 1092 3915 aptis,
1120 3849 1182 3918 pro
1199 3826 1327 3899 virium
1354 3840 1406 3901 ra:

387 3939 483 4011 tione
499 3935 677 4020 adhibitis,
695 3935 903 4085 debelllanda
920 3939 996 4009 erit.
