3326 5302
542 529 741 585 scmanus
760 528 924 581 rruoar.
1192 516 1242 594 79

678 726 788 769 smus.

264 815 352 879 Vires
367 811 462 875 animi
476 821 507 874 et
522 810 661 896 corporis
681 810 831 896 languere
852 809 968 872 solent:
992 809 1053 874 cibi
1068 809 1250 887 fastidium,

221 942 336 986 nausea
346 929 377 982 et
386 918 523 980 vomitus
537 916 670 1001 pituitae
684 914 791 979 acidae
805 937 896 1000 saepe
904 926 1027 979 vexant.
1073 917 1151 978 Huc
1165 938 1250 980 acce-

221 1027 302 1090 dunt
316 1023 486 1088 ruminatio
501 1021 620 1099 crebra,
632 1021 856 1107 gnatrorlpnln,
872 1021 1064 1108 cardiolgio,
1078 1020 1113 1083 id
1126 1032 1184 1099 est,
1200 1043 1248 1085 ar-

223 1132 309 1196 doris
330 1150 437 1194 sensus
452 1128 534 1192 circa
548 1127 700 1205 cordiam,
715 1125 835 1190 inflatio
849 1126 1024 1205 ventriculi,
1045 1136 1174 1201 ructus:
1198 1149 1253 1190 an-

221 1236 337 1311 helitus
350 1236 466 1309 foetet3
483 1234 573 1298 alvus
587 1233 652 1297 fere
666 1232 758 1298 tarda
772 1244 827 1297 est.
866 1235 956 1298 Haec
972 1235 1059 1321 signa
1073 1256 1134 1298 non
1147 1233 1252 1297 omnia

223 1339 369 1402 omnibus
393 1338 557 1413 accidunt3
582 1337 636 1401 sed
650 1338 718 1401 aliis
732 1338 803 1415 alia,
818 1337 959 1423 citraque
984 1339 1081 1402 alium
1106 1337 1255 1401 morbum

226 1445 391 1510 ventriculi
406 1458 461 1509 aut
476 1444 614 1532 cujusvis
629 1445 709 1508 alius
722 1444 885 1508 viscerum.
1191 1520 1195 1525 1

163 1632 167 1638 Ι
268 1555 397 1617 Praeter
410 1552 502 1628 haee,
511 1552 693 1636 Dyapeptla
707 1549 950 1635 ingravescente,
967 1549 1067 1611 multa
1081 1549 1170 1635 signa
1183 1572 1253 1612 ner-

226 1679 303 1723 vora
311 1667 425 1720 vexant
438 1682 446 1721 ε
463 1655 569 1742 qualia
582 1667 666 1733 sunt,
682 1655 782 1719 cordis
797 1653 972 1741 palpitatio,
987 1676 1138 1741 syncope:
1154 1665 1256 1719 metus

224 1764 370 1828 instantis
380 1763 504 1826 mortis:
522 1761 617 1826 sudor
632 1762 772 1850 gelidus:
789 1761 871 1825 oculi
882 1760 1061 1846 caligantes,
1071 1761 1122 1830 vel
1133 1783 1257 1826 muscae

225 1869 405 1947 volitantes,
414 1868 467 1932 vel
490 1868 629 1954 pupillae
650 1868 720 1932 luce
741 1890 803 1931 non
826 1878 1013 1946 contractae,
1029 1878 1060 1931 et
1075 1890 1157 1954 quae
1181 1880 1258 1931 sunt

230 1973 422 2063 hujusmodi

247 2286 252 2289 -
283 2213 488 2311 nxxxrv.
522 2234 758 2312 sumanus
780 2244 1114 2327 arnoni-(Vide
1129 2248 1213 2333 cc.)

241 2500 245 2509 ¹
297 2431 504 2494 ntus-Hic
526 2431 665 2509 morbus,
689 2430 777 2518 quod
800 2431 842 2494 ad
864 2452 1002 2510 cursum,
1017 2432 1049 2494 in
1069 2443 1173 2517 partes
1196 2434 1265 2496 tres

386 2535 492 2599 diduci
515 2548 638 2620 potest:
663 2559 798 2622 quarum
821 2540 940 2622 primo,
956 2548 1045 2600 notas
1068 2538 1196 2599 Scirrlri
1215 2538 1264 2599 in-

387 2640 500 2716 euntis,
526 2652 647 2702 tumore
672 2641 813 2703 nondum
839 2639 991 2716 evidente,
1018 2641 1265 2725 complectaturr.

386 2747 543 2822 Secundo,
559 2756 649 2810 notas
672 2746 801 2812 Scirrlrl
827 2744 1001 2822 inveterati,
1017 2755 1139 2809 tumore
1165 2748 1268 2810 mani-1

386 2852 467 2915 festo
482 2852 604 2939 stipati:
634 2853 757 2930 Tertio,
775 2853 1007 2918 Carcinomotir
1021 2863 1117 2916 notas¹

696 3059 807 3103 smnn.

280 3149 322 3210 A.
347 3146 465 3210 Morbo
488 3146 614 3208 ineunte
636 3146 724 3231 signa
739 3147 924 3231 dpepepaine
942 3145 1014 3230 plus
1037 3144 1178 3208 minusve
1203 3156 1269 3207 tor}

238 3262 344 3336 quent.
390 3253 518 3312 Praeter
541 3250 628 3329 haec,
644 3250 705 3315 cibi
728 3250 841 3335 ingesti
863 3249 967 3335 sesqui
979 3250 1066 3328 hora,
1081 3250 1274 3337 velflbihorio:

239 3367 312 3442 post
334 3367 460 3441 pastum
483 3368 689 3419 evomuntur:
714 3357 803 3418 dolor
817 3356 982 3421 ventriculi
997 3358 1118 3444 plectit,
1133 3361 1203 3423 cibo
1218 3383 1267 3424 ac-

239 3472 340 3548 cept0,
357 3473 388 3526 et
404 3461 515 3548 quovis
539 3473 698 3548 premente
718 3474 848 3525 auctus:
873 3485 1048 3550 corpusque
1071 3465 1273 3550 aliquantum⁴

215 3582 366 3635 marcet.
505 3582 509 3587 '

284 3679 321 3741 Β.
347 3678 444 3764 Signa
463 3680 531 3765 jam
547 3677 631 3740 dicta
646 3676 757 3740 sensim
773 3677 1013 3764 ingravescunt:
1037 3680 1118 3743 vires
1133 3680 1277 3743 multum-
1382 3737 1384 3741 ,

241 3780 444 3847 dilabuntur:
470 3804 597 3846 somnus
618 3782 822 3868 perturbatur
832 3808 849 3846 z·
863 3784 976 3870 pulsus
990 3786 1174 3849 arteriarum
1189 3787 1274 3850 fiunt*

242 3884 342 3948 crebri
357 3898 389 3949 et
403 3887 516 3951 exiles:
532 3909 691 3973 manuque
702 3889 803 3952 ventri
818 3888 953 3967 admota,
966 3891 1059 3956 tuber
1073 3892 1190 3956 durum
1205 3915 1272 3957 sen·

244 3989 335 4066 titur,
350 3990 504 4075 paulatim
527 3992 568 4057 ed
591 3993 775 4058 umbilicum
801 4010 912 4082 usque,
928 3996 977 4059 vel
1000 3996 1093 4077 infra,
1110 3998 1272 4062 descensu-

243 4117 324 4158 rum.
371 4097 453 4162 Cibo
471 4110 590 4185 potuve
611 4101 678 4186 jam
701 4101 833 4188 ingesto,
849 4103 942 4168 tuber
956 4104 1154 4192 aliquantum
1169 4127 1271 4168 ascen-

244 4202 310 4266 dit:
336 4204 447 4268 tubere
461 4205 595 4291 denique
604 4229 720 4293 presso,
737 4209 825 4273 dolor
839 4209 989 4275 increscit.
1036 4212 1215 4294 Hucu'sque
1229 4210 1272 4272 al-

239 4331 298 4373 sus
312 4310 480 4396 pigerrima
493 4334 606 4398 parum
621 4310 774 4400 aegreqtie
789 4316 934 4379 excernit.
