<?xml version="1.0" encoding="UTF-8"?>
<!DOCTYPE html PUBLIC "-//W3C//DTD XHTML 1.0 Transitional//EN"
    "http://www.w3.org/TR/xhtml1/DTD/xhtml1-transitional.dtd">
<html xmlns="http://www.w3.org/1999/xhtml" xml:lang="en" lang="en">
 <head>
  <title>
</title>
<meta http-equiv="Content-Type" content="text/html;charset=utf-8" />
  <meta name='ocr-system' content='tesseract 3.04.00' />
  <meta name='ocr-capabilities' content='ocr_page ocr_carea ocr_par ocr_line ocrx_word'/>
</head>
<body>
  <div class='ocr_page' id='page_1' title='image "./morborumdefinit01hawlgoog_0361.png"; bbox 0 0 3276 5194; ppageno 0'>
   <div class='ocr_carea' id='block_1_1' title="bbox 381 554 1149 620">
    <p class='ocr_par' dir='ltr' id='par_1_1' title="bbox 381 554 1149 620">
     <span class='ocr_line' id='line_1_1' title="bbox 381 554 1149 620; baseline -0.007 0"><span class='ocrx_word' id='word_1_1' title='bbox 381 554 457 620; x_wconf 76' lang='lat'>348</span> <span class='ocrx_word' id='word_1_2' title='bbox 635 567 690 619; x_wconf 83' lang='lat' dir='ltr'>nu</span> <span class='ocrx_word' id='word_1_3' title='bbox 709 565 882 618; x_wconf 76' lang='lat' dir='ltr'>unauna</span> <span class='ocrx_word' id='word_1_4' title='bbox 899 565 953 617; x_wconf 82' lang='lat' dir='ltr'>nr</span> <span class='ocrx_word' id='word_1_5' title='bbox 971 562 1149 618; x_wconf 80' lang='lat' dir='ltr'>onrnluu</span> 
     </span>
    </p>
   </div>
   <div class='ocr_carea' id='block_1_2' title="bbox 381 632 1619 1045">
    <p class='ocr_par' dir='ltr' id='par_1_2' title="bbox 381 632 1619 1045">
     <span class='ocr_line' id='line_1_2' title="bbox 381 632 1619 871; baseline -0.006 -59"><span class='ocrx_word' id='word_1_6' title='bbox 381 763 518 812; x_wconf 71' lang='lat' dir='ltr'>veneno</span> <span class='ocrx_word' id='word_1_7' title='bbox 539 750 680 811; x_wconf 84' lang='lat' dir='ltr'>exortae</span> <span class='ocrx_word' id='word_1_8' title='bbox 704 740 818 811; x_wconf 84' lang='lat' dir='ltr'>literis</span> <span class='ocrx_word' id='word_1_9' title='bbox 832 738 1056 812; x_wconf 77' lang='lat' dir='ltr'><strong>mandantur.</strong></span> <span class='ocrx_word' id='word_1_10' title='bbox 1109 737 1245 810; x_wconf 86' lang='lat' dir='ltr'>Fatum</span> <span class='ocrx_word' id='word_1_11' title='bbox 1262 745 1398 810; x_wconf 85' lang='lat' dir='ltr'>antece·</span> <span class='ocrx_word' id='word_1_12' title='bbox 1606 632 1619 871; x_wconf 53' lang='grc' dir='ltr'><strong><em>Ι</em></strong></span> 
     </span>
     <span class='ocr_line' id='line_1_3' title="bbox 382 854 1408 950; baseline -0.004 -22"><span class='ocrx_word' id='word_1_13' title='bbox 382 856 467 929; x_wconf 91' lang='lat' dir='ltr'>dere</span> <span class='ocrx_word' id='word_1_14' title='bbox 484 855 607 938; x_wconf 83' lang='lat' dir='ltr'>solent,</span> <span class='ocrx_word' id='word_1_15' title='bbox 633 855 737 928; x_wconf 85' lang='lat' dir='ltr'>facies</span> <span class='ocrx_word' id='word_1_16' title='bbox 754 867 861 950; x_wconf 85' lang='lat' dir='ltr'>atque</span> <span class='ocrx_word' id='word_1_17' title='bbox 878 867 974 928; x_wconf 85' lang='lat' dir='ltr'>artus</span> <span class='ocrx_word' id='word_1_18' title='bbox 991 854 1132 950; x_wconf 84' lang='lat' dir='ltr'><strong>torpidi,</strong></span> <span class='ocrx_word' id='word_1_19' title='bbox 1150 855 1295 948; x_wconf 85' lang='lat' dir='ltr'>vertigo,</span> <span class='ocrx_word' id='word_1_20' title='bbox 1315 877 1408 925; x_wconf 62' lang='lat' dir='ltr'>nau:</span> 
     </span>
     <span class='ocr_line' id='line_1_4' title="bbox 385 972 674 1045; baseline -0.01 -2"><span class='ocrx_word' id='word_1_21' title='bbox 385 996 442 1045; x_wconf 87' lang='lat' dir='ltr'>sea</span> <span class='ocrx_word' id='word_1_22' title='bbox 459 981 495 1044; x_wconf 91' lang='lat' dir='ltr'>et</span> <span class='ocrx_word' id='word_1_23' title='bbox 512 972 674 1044; x_wconf 86' lang='lat' dir='ltr'>vomitus.</span> 
     </span>
    </p>
   </div>
   <div class='ocr_carea' id='block_1_3' title="bbox 391 1173 1619 1513">
    <p class='ocr_par' dir='ltr' id='par_1_3' title="bbox 391 1173 1619 1513">
     <span class='ocr_line' id='line_1_5' title="bbox 391 1173 1401 1281; baseline -0.006 -2"><span class='ocrx_word' id='word_1_24' title='bbox 391 1215 556 1281; x_wconf 72' lang='lat' dir='ltr'>ccccx,</span> <span class='ocrx_word' id='word_1_25' title='bbox 595 1217 659 1279; x_wconf 82' lang='lat' dir='ltr'>un</span> <span class='ocrx_word' id='word_1_26' title='bbox 682 1215 887 1278; x_wconf 72' lang='lat' dir='ltr'>unauna</span> <span class='ocrx_word' id='word_1_27' title='bbox 908 1214 973 1276; x_wconf 80' lang='lat' dir='ltr'>ur</span> <span class='ocrx_word' id='word_1_28' title='bbox 998 1173 1200 1278; x_wconf 78' lang='lat' dir='ltr'>omerus</span> <span class='ocrx_word' id='word_1_29' title='bbox 1224 1211 1401 1276; x_wconf 78' lang='lat' dir='ltr'>vanum</span> 
     </span>
     <span class='ocr_line' id='line_1_6' title="bbox 678 1334 1619 1513; baseline -0.002 -109"><span class='ocrx_word' id='word_1_30' title='bbox 678 1340 877 1404; x_wconf 81' lang='lat' dir='ltr'>rusorum</span> <span class='ocrx_word' id='word_1_31' title='bbox 901 1339 1106 1403; x_wconf 71' lang='lat' dir='ltr'>uuonan.</span> <span class='ocrx_word' id='word_1_32' title='bbox 1613 1334 1619 1513; x_wconf 65' lang='lat' dir='ltr'>q</span> 
     </span>
    </p>
   </div>
   <div class='ocr_carea' id='block_1_4' title="bbox 339 1522 1619 4326">
    <p class='ocr_par' dir='ltr' id='par_1_4' title="bbox 339 1522 1619 1968">
     <span class='ocr_line' id='line_1_7' title="bbox 339 1522 1619 1629; baseline 0.002 -26"><span class='ocrx_word' id='word_1_33' title='bbox 339 1596 344 1603; x_wconf 87' lang='grc'><em>,</em></span> <span class='ocrx_word' id='word_1_34' title='bbox 434 1534 559 1606; x_wconf 84' lang='lat' dir='ltr'>Aliter</span> <span class='ocrx_word' id='word_1_35' title='bbox 577 1534 638 1606; x_wconf 88' lang='lat' dir='ltr'>alii</span> <span class='ocrx_word' id='word_1_36' title='bbox 661 1535 705 1607; x_wconf 93' lang='lat' dir='ltr'>de</span> <span class='ocrx_word' id='word_1_37' title='bbox 726 1535 807 1607; x_wconf 89' lang='lat' dir='ltr'>sede</span> <span class='ocrx_word' id='word_1_38' title='bbox 832 1545 869 1606; x_wconf 93' lang='lat' dir='ltr'>et</span> <span class='ocrx_word' id='word_1_39' title='bbox 894 1546 1022 1607; x_wconf 89' lang='lat' dir='ltr'>natura</span> <span class='ocrx_word' id='word_1_40' title='bbox 1046 1533 1152 1629; x_wconf 88' lang='lat' dir='ltr'>hujus</span> <span class='ocrx_word' id='word_1_41' title='bbox 1178 1535 1305 1606; x_wconf 87' lang='lat' dir='ltr'>veneni</span> <span class='ocrx_word' id='word_1_42' title='bbox 1329 1556 1406 1624; x_wconf 46' lang='lat' dir='ltr'>senff</span> <span class='ocrx_word' id='word_1_43' title='bbox 1612 1522 1619 1619; x_wconf 83' lang='lat' dir='ltr'>l</span> 
     </span>
     <span class='ocr_line' id='line_1_8' title="bbox 387 1648 1406 1747; baseline -0.005 -23"><span class='ocrx_word' id='word_1_44' title='bbox 387 1653 505 1726; x_wconf 84' lang='lat' dir='ltr'>tiunt:</span> <span class='ocrx_word' id='word_1_45' title='bbox 541 1651 619 1724; x_wconf 86' lang='lat' dir='ltr'>aliis</span> <span class='ocrx_word' id='word_1_46' title='bbox 649 1652 739 1739; x_wconf 87' lang='lat' dir='ltr'>cutis</span> <span class='ocrx_word' id='word_1_47' title='bbox 767 1652 927 1747; x_wconf 81' lang='lat' dir='ltr'><strong>piscium,</strong></span> <span class='ocrx_word' id='word_1_48' title='bbox 960 1651 1039 1723; x_wconf 88' lang='lat' dir='ltr'>aliis</span> <span class='ocrx_word' id='word_1_49' title='bbox 1068 1660 1205 1723; x_wconf 88' lang='lat' dir='ltr'>meatus</span> <span class='ocrx_word' id='word_1_50' title='bbox 1234 1648 1406 1732; x_wconf 84' lang='lat' dir='ltr'>alimenti,</span> 
     </span>
     <span class='ocr_line' id='line_1_9' title="bbox 388 1751 1406 1864; baseline -0.005 -24"><span class='ocrx_word' id='word_1_51' title='bbox 388 1770 466 1840; x_wconf 87' lang='lat' dir='ltr'>aliis</span> <span class='ocrx_word' id='word_1_52' title='bbox 487 1773 587 1864; x_wconf 83' lang='lat' dir='ltr'>jecur</span> <span class='ocrx_word' id='word_1_53' title='bbox 614 1782 676 1841; x_wconf 84' lang='lat' dir='ltr'>aut</span> <span class='ocrx_word' id='word_1_54' title='bbox 702 1751 855 1841; x_wconf 79' lang='lat' dir='ltr'>vesicula</span> <span class='ocrx_word' id='word_1_55' title='bbox 879 1767 981 1853; x_wconf 87' lang='lat' dir='ltr'>fellis,</span> <span class='ocrx_word' id='word_1_56' title='bbox 1004 1768 1083 1840; x_wconf 84' lang='lat' dir='ltr'>aliis</span> <span class='ocrx_word' id='word_1_57' title='bbox 1108 1769 1213 1863; x_wconf 85' lang='lat' dir='ltr'>piscis</span> <span class='ocrx_word' id='word_1_58' title='bbox 1235 1768 1406 1848; x_wconf 89' lang='lat' dir='ltr'>universa,</span> 
     </span>
     <span class='ocr_line' id='line_1_10' title="bbox 389 1882 1408 1968; baseline -0.003 -12"><span class='ocrx_word' id='word_1_59' title='bbox 389 1909 524 1957; x_wconf 88' lang='lat' dir='ltr'>veneno</span> <span class='ocrx_word' id='word_1_60' title='bbox 552 1885 665 1957; x_wconf 90' lang='lat' dir='ltr'>imbui</span> <span class='ocrx_word' id='word_1_61' title='bbox 694 1884 843 1956; x_wconf 89' lang='lat' dir='ltr'>videtur.</span> <span class='ocrx_word' id='word_1_62' title='bbox 895 1883 1055 1968; x_wconf 84' lang='lat' dir='ltr'>Quidam</span> <span class='ocrx_word' id='word_1_63' title='bbox 1084 1907 1260 1956; x_wconf 87' lang='lat' dir='ltr'>venenum</span> <span class='ocrx_word' id='word_1_64' title='bbox 1286 1907 1306 1953; x_wconf 91' lang='lat' dir='ltr'>e</span> <span class='ocrx_word' id='word_1_65' title='bbox 1332 1882 1408 1954; x_wconf 89' lang='lat' dir='ltr'>cibo</span> 
     </span>
    </p>

    <p class='ocr_par' dir='ltr' id='par_1_5' title="bbox 350 1997 1462 2447">
     <span class='ocr_line' id='line_1_11' title="bbox 350 1997 1459 2095; baseline 0.001 -25"><span class='ocrx_word' id='word_1_66' title='bbox 350 2077 353 2081; x_wconf 53' lang='grc'><strong><em>,</em></strong></span> <span class='ocrx_word' id='word_1_67' title='bbox 390 2002 493 2095; x_wconf 84' lang='lat' dir='ltr'>piscis</span> <span class='ocrx_word' id='word_1_68' title='bbox 509 2003 647 2095; x_wconf 89' lang='lat' dir='ltr'>proprio</span> <span class='ocrx_word' id='word_1_69' title='bbox 662 1999 790 2072; x_wconf 90' lang='lat' dir='ltr'>deduci</span> <span class='ocrx_word' id='word_1_70' title='bbox 807 1998 1047 2072; x_wconf 81' lang='lat' dir='ltr'>contendunt:</span> <span class='ocrx_word' id='word_1_71' title='bbox 1072 1998 1235 2072; x_wconf 87' lang='lat' dir='ltr'>nonnulli</span> <span class='ocrx_word' id='word_1_72' title='bbox 1255 1997 1408 2092; x_wconf 86' lang='lat' dir='ltr'>denique</span> <span class='ocrx_word' id='word_1_73' title='bbox 1452 2044 1459 2050; x_wconf 92' lang='lat'><em>-</em></span> 
     </span>
     <span class='ocr_line' id='line_1_12' title="bbox 392 2113 1456 2219; baseline -0.001 -33"><span class='ocrx_word' id='word_1_74' title='bbox 392 2140 566 2189; x_wconf 82' lang='lat' dir='ltr'>venenum</span> <span class='ocrx_word' id='word_1_75' title='bbox 596 2116 694 2189; x_wconf 85' lang='lat' dir='ltr'>haud</span> <span class='ocrx_word' id='word_1_76' title='bbox 722 2127 850 2189; x_wconf 87' lang='lat' dir='ltr'>natura</span> <span class='ocrx_word' id='word_1_77' title='bbox 878 2116 1031 2210; x_wconf 87' lang='lat' dir='ltr'>piscibus</span> <span class='ocrx_word' id='word_1_78' title='bbox 1059 2115 1317 2200; x_wconf 88' lang='lat' dir='ltr'>inhaerescere;</span> <span class='ocrx_word' id='word_1_79' title='bbox 1348 2113 1409 2186; x_wconf 89' lang='lat' dir='ltr'>sed</span> <span class='ocrx_word' id='word_1_80' title='bbox 1453 2214 1456 2219; x_wconf 82' lang='lat'>.</span> 
     </span>
     <span class='ocr_line' id='line_1_13' title="bbox 391 2232 1462 2330; baseline -0.001 -25"><span class='ocrx_word' id='word_1_81' title='bbox 391 2236 512 2308; x_wconf 88' lang='lat' dir='ltr'>morbo</span> <span class='ocrx_word' id='word_1_82' title='bbox 524 2233 676 2328; x_wconf 51' lang='lat' dir='ltr'>¹quodam</span> <span class='ocrx_word' id='word_1_83' title='bbox 693 2234 868 2330; x_wconf 83' lang='lat' dir='ltr'>progigni,</span> <span class='ocrx_word' id='word_1_84' title='bbox 886 2233 1043 2306; x_wconf 89' lang='lat' dir='ltr'>credunt.</span> <span class='ocrx_word' id='word_1_85' title='bbox 1095 2234 1259 2318; x_wconf 87' lang='lat' dir='ltr'>Quarum</span> <span class='ocrx_word' id='word_1_86' title='bbox 1276 2233 1413 2328; x_wconf 44' lang='lat' dir='ltr'>opinio·x</span> <span class='ocrx_word' id='word_1_87' title='bbox 1460 2232 1462 2237; x_wconf 74' lang='grc'>’</span> 
     </span>
     <span class='ocr_line' id='line_1_14' title="bbox 393 2351 1195 2447; baseline 0 -25"><span class='ocrx_word' id='word_1_88' title='bbox 393 2377 480 2423; x_wconf 91' lang='lat' dir='ltr'>num</span> <span class='ocrx_word' id='word_1_89' title='bbox 495 2351 654 2446; x_wconf 83' lang='lat' dir='ltr'>singulas</span> <span class='ocrx_word' id='word_1_90' title='bbox 671 2375 775 2445; x_wconf 81' lang='lat' dir='ltr'>quam</span> <span class='ocrx_word' id='word_1_91' title='bbox 792 2352 994 2422; x_wconf 86' lang='lat' dir='ltr'>brevissime</span> <span class='ocrx_word' id='word_1_92' title='bbox 1010 2352 1195 2447; x_wconf 87' lang='lat' dir='ltr'>inquiram.</span> 
     </span>
    </p>

    <p class='ocr_par' dir='ltr' id='par_1_6' title="bbox 394 2467 1416 3736">
     <span class='ocr_line' id='line_1_15' title="bbox 444 2467 1411 2562; baseline 0.001 -23"><span class='ocrx_word' id='word_1_93' title='bbox 444 2467 557 2539; x_wconf 85' lang='lat' dir='ltr'>Nulla</span> <span class='ocrx_word' id='word_1_94' title='bbox 586 2467 805 2553; x_wconf 86' lang='lat' dir='ltr'>documenta,</span> <span class='ocrx_word' id='word_1_95' title='bbox 833 2478 1006 2562; x_wconf 89' lang='lat' dir='ltr'>quantum</span> <span class='ocrx_word' id='word_1_96' title='bbox 1036 2469 1116 2552; x_wconf 83' lang='lat' dir='ltr'>scio,</span> <span class='ocrx_word' id='word_1_97' title='bbox 1133 2491 1307 2540; x_wconf 88' lang='lat' dir='ltr'>venenum</span> <span class='ocrx_word' id='word_1_98' title='bbox 1337 2468 1411 2540; x_wconf 91' lang='lat' dir='ltr'>cuti</span> 
     </span>
     <span class='ocr_line' id='line_1_16' title="bbox 394 2585 1411 2682; baseline 0 -24"><span class='ocrx_word' id='word_1_99' title='bbox 394 2588 616 2682; x_wconf 85' lang='lat' dir='ltr'>potissimum</span> <span class='ocrx_word' id='word_1_100' title='bbox 644 2585 796 2679; x_wconf 87' lang='lat' dir='ltr'>insidere</span> <span class='ocrx_word' id='word_1_101' title='bbox 824 2586 1038 2677; x_wconf 84' lang='lat' dir='ltr'>ostendunt:</span> <span class='ocrx_word' id='word_1_102' title='bbox 1068 2586 1183 2658; x_wconf 88' lang='lat' dir='ltr'>multa</span> <span class='ocrx_word' id='word_1_103' title='bbox 1206 2597 1326 2658; x_wconf 88' lang='lat' dir='ltr'>autern</span> <span class='ocrx_word' id='word_1_104' title='bbox 1352 2585 1411 2658; x_wconf 90' lang='lat' dir='ltr'>do·</span> 
     </span>
     <span class='ocr_line' id='line_1_17' title="bbox 395 2703 1411 2801; baseline -0.003 -25"><span class='ocrx_word' id='word_1_105' title='bbox 395 2728 471 2797; x_wconf 85' lang='lat' dir='ltr'>cere</span> <span class='ocrx_word' id='word_1_106' title='bbox 495 2703 671 2788; x_wconf 89' lang='lat' dir='ltr'>videntur,</span> <span class='ocrx_word' id='word_1_107' title='bbox 701 2713 818 2775; x_wconf 87' lang='lat' dir='ltr'>toturn</span> <span class='ocrx_word' id='word_1_108' title='bbox 844 2704 984 2798; x_wconf 88' lang='lat' dir='ltr'>piscem,</span> <span class='ocrx_word' id='word_1_109' title='bbox 1012 2714 1050 2776; x_wconf 87' lang='lat' dir='ltr'>at</span> <span class='ocrx_word' id='word_1_110' title='bbox 1075 2704 1277 2801; x_wconf 85' lang='lat' dir='ltr'>praesertim</span> <span class='ocrx_word' id='word_1_111' title='bbox 1301 2705 1411 2798; x_wconf 87' lang='lat' dir='ltr'>jecur,</span> 
     </span>
     <span class='ocr_line' id='line_1_18' title="bbox 395 2816 1412 2914; baseline -0.001 -24"><span class='ocrx_word' id='word_1_112' title='bbox 395 2830 488 2903; x_wconf 85' lang='lat' dir='ltr'>exta,</span> <span class='ocrx_word' id='word_1_113' title='bbox 519 2820 696 2891; x_wconf 91' lang='lat' dir='ltr'>cerebrum</span> <span class='ocrx_word' id='word_1_114' title='bbox 714 2829 832 2914; x_wconf 52' lang='lat' dir='ltr'>,atque</span> <span class='ocrx_word' id='word_1_115' title='bbox 861 2816 1069 2903; x_wconf 75' lang='lat' dir='ltr'>branchias,</span> <span class='ocrx_word' id='word_1_116' title='bbox 1097 2830 1214 2914; x_wconf 87' lang='lat' dir='ltr'>partes</span> <span class='ocrx_word' id='word_1_117' title='bbox 1242 2819 1412 2890; x_wconf 88' lang='lat' dir='ltr'>nimirum</span> 
     </span>
     <span class='ocr_line' id='line_1_19' title="bbox 396 2934 1411 3032; baseline 0.001 -25"><span class='ocrx_word' id='word_1_118' title='bbox 396 2936 580 3010; x_wconf 82' lang='lat' dir='ltr'>vernacule</span> <span class='ocrx_word' id='word_1_119' title='bbox 598 2945 619 2976; x_wconf 93' lang='lat'>“</span> <span class='ocrx_word' id='word_1_120' title='bbox 632 2934 774 3008; x_wconf 84' lang='lat' dir='ltr'>Offals”</span> <span class='ocrx_word' id='word_1_121' title='bbox 795 2935 917 3022; x_wconf 84' lang='lat' dir='ltr'>dictas,</span> <span class='ocrx_word' id='word_1_122' title='bbox 934 2961 975 3009; x_wconf 90' lang='lat' dir='ltr'>eo</span> <span class='ocrx_word' id='word_1_123' title='bbox 991 2937 1178 3032; x_wconf 86' lang='lat' dir='ltr'>inquinari.</span> <span class='ocrx_word' id='word_1_124' title='bbox 1230 2937 1282 3009; x_wconf 92' lang='lat' dir='ltr'>Iis</span> <span class='ocrx_word' id='word_1_125' title='bbox 1299 2962 1411 3010; x_wconf 84' lang='lat' dir='ltr'>assen-</span> 
     </span>
     <span class='ocr_line' id='line_1_20' title="bbox 397 3053 1412 3150; baseline 0.003 -25"><span class='ocrx_word' id='word_1_126' title='bbox 397 3055 458 3125; x_wconf 82' lang='lat' dir='ltr'>tiri</span> <span class='ocrx_word' id='word_1_127' title='bbox 479 3077 626 3147; x_wconf 88' lang='lat' dir='ltr'>nequeo,</span> <span class='ocrx_word' id='word_1_128' title='bbox 652 3053 780 3144; x_wconf 85' lang='lat' dir='ltr'>quibua</span> <span class='ocrx_word' id='word_1_129' title='bbox 796 3077 867 3123; x_wconf 92' lang='lat' dir='ltr'>non</span> <span class='ocrx_word' id='word_1_130' title='bbox 883 3054 988 3147; x_wconf 88' lang='lat' dir='ltr'>piscis</span> <span class='ocrx_word' id='word_1_131' title='bbox 1012 3055 1086 3149; x_wconf 88' lang='lat' dir='ltr'>ipse</span> <span class='ocrx_word' id='word_1_132' title='bbox 1111 3078 1171 3150; x_wconf 88' lang='lat' dir='ltr'>per</span> <span class='ocrx_word' id='word_1_133' title='bbox 1188 3078 1223 3126; x_wconf 88' lang='lat' dir='ltr'>se</span> <span class='ocrx_word' id='word_1_134' title='bbox 1240 3079 1412 3128; x_wconf 85' lang='lat' dir='ltr'>venenare</span> 
     </span>
     <span class='ocr_line' id='line_1_21' title="bbox 396 3166 1414 3268; baseline 0.005 -29"><span class='ocrx_word' id='word_1_135' title='bbox 396 3191 517 3263; x_wconf 85' lang='lat' dir='ltr'>posse;</span> <span class='ocrx_word' id='word_1_136' title='bbox 545 3166 604 3238; x_wconf 86' lang='lat' dir='ltr'>sed</span> <span class='ocrx_word' id='word_1_137' title='bbox 631 3167 833 3258; x_wconf 32' lang='lat' dir='ltr'>venenandi·</span> <span class='ocrx_word' id='word_1_138' title='bbox 853 3180 1076 3264; x_wconf 79' lang='lat' dir='ltr'>potestatem,</span> <span class='ocrx_word' id='word_1_139' title='bbox 1101 3173 1145 3244; x_wconf 91' lang='lat' dir='ltr'>ob</span> <span class='ocrx_word' id='word_1_140' title='bbox 1160 3195 1274 3244; x_wconf 85' lang='lat' dir='ltr'>escam</span> <span class='ocrx_word' id='word_1_141' title='bbox 1297 3175 1414 3268; x_wconf 88' lang='lat' dir='ltr'>perni-</span> 
     </span>
     <span class='ocr_line' id='line_1_22' title="bbox 396 3283 1414 3397; baseline 0.006 -42"><span class='ocrx_word' id='word_1_142' title='bbox 396 3285 536 3369; x_wconf 89' lang='lat' dir='ltr'>ciosam,</span> <span class='ocrx_word' id='word_1_143' title='bbox 561 3307 632 3380; x_wconf 87' lang='lat' dir='ltr'>qua</span> <span class='ocrx_word' id='word_1_144' title='bbox 648 3283 809 3367; x_wconf 82' lang='lat' dir='ltr'>vescitur,</span> <span class='ocrx_word' id='word_1_145' title='bbox 835 3284 990 3397; x_wconf 68' lang='lat' dir='ltr'>adipisci,</span> <span class='ocrx_word' id='word_1_146' title='bbox 1009 3286 1157 3360; x_wconf 89' lang='lat' dir='ltr'>videtur.</span> <span class='ocrx_word' id='word_1_147' title='bbox 1189 3287 1267 3359; x_wconf 88' lang='lat' dir='ltr'>.Hi</span> <span class='ocrx_word' id='word_1_148' title='bbox 1284 3289 1414 3361; x_wconf 87' lang='lat' dir='ltr'>scilicet</span> 
     </span>
     <span class='ocr_line' id='line_1_23' title="bbox 398 3402 1414 3501; baseline 0.004 -27"><span class='ocrx_word' id='word_1_149' title='bbox 398 3422 604 3493; x_wconf 78' lang='lat' dir='ltr'><strong>MYTILUM</strong></span> <span class='ocrx_word' id='word_1_150' title='bbox 634 3421 815 3473; x_wconf 79' lang='lat' dir='ltr'><strong>EDULEM</strong></span> <span class='ocrx_word' id='word_1_151' title='bbox 845 3402 1044 3487; x_wconf 86' lang='lat' dir='ltr'>exitiosum,</span> <span class='ocrx_word' id='word_1_152' title='bbox 1078 3405 1122 3476; x_wconf 91' lang='lat' dir='ltr'>ob</span> <span class='ocrx_word' id='word_1_153' title='bbox 1155 3429 1311 3499; x_wconf 85' lang='lat' dir='ltr'>cuprum,</span> <span class='ocrx_word' id='word_1_154' title='bbox 1346 3432 1414 3501; x_wconf 92' lang='lat' dir='ltr'>quo</span> 
     </span>
     <span class='ocr_line' id='line_1_24' title="bbox 398 3518 1415 3603; baseline 0.005 -13"><span class='ocrx_word' id='word_1_155' title='bbox 398 3518 547 3591; x_wconf 87' lang='lat' dir='ltr'>subinde</span> <span class='ocrx_word' id='word_1_156' title='bbox 572 3518 756 3603; x_wconf 85' lang='lat' dir='ltr'>imbuitur,</span> <span class='ocrx_word' id='word_1_157' title='bbox 783 3519 858 3591; x_wconf 90' lang='lat' dir='ltr'>fieri</span> <span class='ocrx_word' id='word_1_158' title='bbox 885 3519 1115 3592; x_wconf 87' lang='lat' dir='ltr'>contendunt.</span> <span class='ocrx_word' id='word_1_159' title='bbox 1167 3521 1246 3593; x_wconf 89' lang='lat' dir='ltr'>Alii</span> <span class='ocrx_word' id='word_1_160' title='bbox 1269 3522 1415 3596; x_wconf 84' lang='lat' dir='ltr'>credunt</span> 
     </span>
     <span class='ocr_line' id='line_1_25' title="bbox 395 3636 1416 3736; baseline 0.006 -30"><span class='ocrx_word' id='word_1_161' title='bbox 395 3660 463 3707; x_wconf 85' lang='lat' dir='ltr'>ova</span> <span class='ocrx_word' id='word_1_162' title='bbox 484 3636 620 3718; x_wconf 82' lang='lat' dir='ltr'>insecti,</span> <span class='ocrx_word' id='word_1_163' title='bbox 647 3636 704 3706; x_wconf 91' lang='lat' dir='ltr'>cui</span> <span class='ocrx_word' id='word_1_164' title='bbox 720 3659 847 3708; x_wconf 89' lang='lat' dir='ltr'>nomen</span> <span class='ocrx_word' id='word_1_165' title='bbox 864 3658 1026 3709; x_wconf 74' lang='lat' dir='ltr'><strong>STELLA</strong></span> <span class='ocrx_word' id='word_1_166' title='bbox 1045 3659 1226 3723; x_wconf 76' lang='lat' dir='ltr'>MARINA,</span> <span class='ocrx_word' id='word_1_167' title='bbox 1252 3664 1416 3736; x_wconf 84' lang='lat' dir='ltr'>persaepe</span> 
     </span>
    </p>

    <p class='ocr_par' dir='ltr' id='par_1_7' title="bbox 353 3751 1419 4326">
     <span class='ocr_line' id='line_1_26' title="bbox 353 3751 1417 3848; baseline 0.004 -21"><span class='ocrx_word' id='word_1_168' title='bbox 353 3821 356 3827; x_wconf 90' lang='lat'>.</span> <span class='ocrx_word' id='word_1_169' title='bbox 397 3751 563 3848; x_wconf 86' lang='lat' dir='ltr'>equidem</span> <span class='ocrx_word' id='word_1_170' title='bbox 579 3772 746 3825; x_wconf 81' lang='lat' dir='ltr'>MYT1L0</span> <span class='ocrx_word' id='word_1_171' title='bbox 763 3753 908 3840; x_wconf 87' lang='lat' dir='ltr'>inclusa,</span> <span class='ocrx_word' id='word_1_172' title='bbox 931 3780 1013 3828; x_wconf 88' lang='lat' dir='ltr'>eum</span> <span class='ocrx_word' id='word_1_173' title='bbox 1029 3757 1235 3829; x_wconf 80' lang='lat' dir='ltr'>venerando</span> <span class='ocrx_word' id='word_1_174' title='bbox 1251 3756 1417 3830; x_wconf 89' lang='lat' dir='ltr'>idoneum</span> 
     </span>
     <span class='ocr_line' id='line_1_27' title="bbox 399 3867 1418 3971; baseline 0.011 -33"><span class='ocrx_word' id='word_1_175' title='bbox 399 3867 553 3940; x_wconf 86' lang='lat' dir='ltr'>reddere.</span> <span class='ocrx_word' id='word_1_176' title='bbox 604 3869 831 3943; x_wconf 88' lang='lat' dir='ltr'>Probabilius</span> <span class='ocrx_word' id='word_1_177' title='bbox 848 3897 920 3946; x_wconf 90' lang='lat' dir='ltr'>esse</span> <span class='ocrx_word' id='word_1_178' title='bbox 937 3874 1110 3959; x_wconf 87' lang='lat' dir='ltr'>existimo,</span> <span class='ocrx_word' id='word_1_179' title='bbox 1128 3873 1195 3947; x_wconf 93' lang='lat' dir='ltr'>hoc</span> <span class='ocrx_word' id='word_1_180' title='bbox 1209 3899 1321 3971; x_wconf 85' lang='lat' dir='ltr'>genus</span> <span class='ocrx_word' id='word_1_181' title='bbox 1338 3900 1418 3949; x_wconf 89' lang='lat' dir='ltr'>con-</span> 
     </span>
     <span class='ocr_line' id='line_1_28' title="bbox 396 3984 1418 4089; baseline 0.008 -30"><span class='ocrx_word' id='word_1_182' title='bbox 396 3984 596 4082; x_wconf 76' lang='lat' dir='ltr'>&#39;chyliornm</span> <span class='ocrx_word' id='word_1_183' title='bbox 616 3993 691 4082; x_wconf 86' lang='lat' dir='ltr'>jam</span> <span class='ocrx_word' id='word_1_184' title='bbox 717 4016 836 4064; x_wconf 90' lang='lat' dir='ltr'>recens</span> <span class='ocrx_word' id='word_1_185' title='bbox 863 3993 1013 4064; x_wconf 85' lang='lat' dir='ltr'>salutare</span> <span class='ocrx_word' id='word_1_186' title='bbox 1040 4018 1135 4081; x_wconf 88' lang='lat' dir='ltr'>esse;</span> <span class='ocrx_word' id='word_1_187' title='bbox 1163 4003 1280 4089; x_wconf 88' lang='lat' dir='ltr'>atque,</span> <span class='ocrx_word' id='word_1_188' title='bbox 1302 3995 1418 4088; x_wconf 91' lang='lat' dir='ltr'>siquo</span> 
     </span>
     <span class='ocr_line' id='line_1_29' title="bbox 399 4107 1417 4207; baseline 0.01 -33"><span class='ocrx_word' id='word_1_189' title='bbox 399 4128 533 4177; x_wconf 89' lang='lat' dir='ltr'>veneno</span> <span class='ocrx_word' id='word_1_190' title='bbox 549 4127 706 4205; x_wconf 92' lang='lat' dir='ltr'>unquam</span> <span class='ocrx_word' id='word_1_191' title='bbox 723 4107 914 4194; x_wconf 85' lang='lat' dir='ltr'>imbuatur,</span> <span class='ocrx_word' id='word_1_192' title='bbox 927 4111 966 4182; x_wconf 93' lang='lat' dir='ltr'>id</span> <span class='ocrx_word' id='word_1_193' title='bbox 982 4121 1103 4206; x_wconf 86' lang='lat' dir='ltr'>postea</span> <span class='ocrx_word' id='word_1_194' title='bbox 1120 4136 1183 4203; x_wconf 83' lang='lat' dir='ltr'>sua</span> <span class='ocrx_word' id='word_1_195' title='bbox 1200 4122 1327 4207; x_wconf 15' lang='lat' dir='ltr'>sponte,</span> <span class='ocrx_word' id='word_1_196' title='bbox 1340 4136 1417 4184; x_wconf 86' lang='lat' dir='ltr'>nas-</span> 
     </span>
     <span class='ocr_line' id='line_1_30' title="bbox 397 4221 1419 4326; baseline 0.006 -33"><span class='ocrx_word' id='word_1_197' title='bbox 397 4222 442 4305; x_wconf 90' lang='lat' dir='ltr'>ci,</span> <span class='ocrx_word' id='word_1_198' title='bbox 459 4221 594 4293; x_wconf 85' lang='lat' dir='ltr'>ultimis</span> <span class='ocrx_word' id='word_1_199' title='bbox 611 4222 791 4319; x_wconf 85' lang='lat' dir='ltr'>principiis</span> <span class='ocrx_word' id='word_1_200' title='bbox 806 4249 932 4298; x_wconf 87' lang='lat' dir='ltr'>novam</span> <span class='ocrx_word' id='word_1_201' title='bbox 947 4229 1012 4325; x_wconf 82' lang='lat' dir='ltr'>sibi</span> <span class='ocrx_word' id='word_1_202' title='bbox 1030 4227 1175 4326; x_wconf 68' lang='lat' dir='ltr'>somnam</span> <span class='ocrx_word' id='word_1_203' title='bbox 1193 4227 1419 4324; x_wconf 86' lang='lat' dir='ltr'>praeferenti-</span> 
     </span>
    </p>
   </div>
   <div class='ocr_carea' id='block_1_5' title="bbox 0 0 1668 5194">
    <p class='ocr_par' dir='ltr' id='par_1_8' title="bbox 0 0 1668 5194">
     <span class='ocr_line' id='line_1_31' title="bbox 0 0 1668 5194; baseline 0 0"><span class='ocrx_word' id='word_1_204' title='bbox 0 0 1668 5194; x_wconf 95' lang='lat' dir='ltr'> </span> 
     </span>
    </p>
   </div>
  </div>
 </body>
</html>
