3326 5188
499 564 668 618 suarna
683 565 822 618 sace1s
842 561 1029 615 marusa.
1212 546 1283 617 177

258 739 400 825 tympani
415 739 495 802 carie
510 739 630 817 vitiosa,
653 739 704 802 vel
726 738 858 802 subinde
879 738 921 800 ob
945 735 1158 825 labyrinthum
1179 733 1284 818 ipsum

258 846 366 909 eodem
381 846 458 927 vitio
472 857 665 932 corruptum.
1124 909 1127 915 ,

301 953 410 1016 Smua
433 953 632 1015 Srrmnnus
653 946 1079 1014 conanurran.-Maculae
1104 944 1218 1008 rubrae
1238 944 1285 1007 in-

256 1057 428 1142 aequaliter
442 1078 565 1142 sparsae
579 1055 661 1119 circa
675 1064 773 1133 nates,
789 1075 885 1117 auum
899 1064 995 1138 atque
1008 1063 1114 1138 partes
1128 1049 1286 1145 naturales

256 1145 445 1251 erumpunt:
468 1163 519 1227 hic
540 1162 604 1227 illic
627 1163 721 1227 simul
740 1180 908 1227 cumcuin
928 1160 1060 1225 humore
1074 1160 1161 1224 tenui
1174 1154 1207 1224 et
1221 1158 1285 1223 acri

254 1270 336 1334 elata
349 1270 473 1334 decidit.
519 1271 724 1334 Membranae
748 1292 892 1334 mucosae
914 1279 1160 1356 purpurascuut,
1186 1277 1218 1331 et
1239 1265 1285 1328 in-

258 1376 383 1438 terdum
399 1377 637 1449 exulcerantur:
661 1377 807 1462 viresque
820 1376 955 1440 maxime
968 1378 1220 1460 prosternuntur,

379 1692 507 1755 CCIII.
542 1691 739 1757 TUBERA
762 1689 921 1754 SACCIS
944 1686 1161 1765 INCLUSA,

482 1819 642 1905 (Anglicc,
657 1821 845 1883 Euersam>
862 1821 1055 1902 Tuuouus.)

309 1998 745 2079 Dnn1u1r10-Tubera
764 2007 937 2080 variorum
963 2028 1132 2100 generum
1161 2023 1281 2098 capsu-

259 2114 305 2192 lis
321 2122 470 2206 obtccta,
489 2124 693 2198 membrana
710 2150 894 2199 cavernosa
910 2123 1055 2196 inclusa.
1079 2194 1095 2209 ,,

308 2263 343 2310 a.
373 2239 611 2313 Mumcuius
640 2253 693 2315 est
723 2243 863 2338 capsula
891 2252 1018 2315 natura
1047 2265 1158 2315 crassa
1184 2239 1281 2314 melli

257 2348 357 2427 haud
373 2357 526 2430 absimili
542 2358 686 2454 repleta.
728 2414 731 2423 .
1111 2371 1117 2378 ’

311 2470 342 2544 b.
356 2564 359 2567 Ι
371 2474 621 2549 Annunona
635 2489 688 2550 est
706 2501 821 2550 saccus
838 2488 964 2550 natura
980 2478 1080 2551 molli
1097 2479 1281 2575 pulmento

260 2589 368 2662 simili
382 2586 543 2665 refertus.
1043 2676 1048 2685 ¹

307 2733 336 2781 c.
365 2708 598 2782 Samson»,
627 2720 680 2782 est
710 2734 826 2782 saccus
857 2721 994 2796 natura,
1025 2736 1115 2808 quae
1141 2712 1280 2809 adipem
1345 2734 1350 2742 ·

260 2827 414 2913 simulat,
431 2829 567 2924 plenus.
832 2909 836 2914 ,

308 2945 344 3019 d.
372 2946 605 3022 Gauumon
629 2961 683 3023 est
706 2975 826 3024 succus
851 2962 978 3025 natura
994 2953 1104 3048 spissa
1121 2954 1279 3040 refertus,

259 3088 338 3138 cum
364 3068 569 3141 teudinibus
594 3078 700 3165 atque
724 3069 928 3167 ligamentis
953 3072 1180 3159 commissus3
1208 3094 1279 3146 sae·

258 3184 338 3278 pius
355 3184 503 3279 figuram
521 3196 644 3257 ovatus
659 3210 669 3269 3
696 3187 756 3256 vix
773 3213 837 3259 ovo
853 3187 1052 3261 columbino
1068 3190 1242 3285 grandior.

222 3340 224 3345 ·
308 3323 338 3370 e.
363 3298 573 3395 Rauunas
600 3299 740 3393 capsula
756 3299 1104 3398 humore'glutinosc,
1123 3332 1281 3403 spumae-

260 3440 302 3488 ve
318 3414 420 3485 lactis
437 3437 507 3485 non
522 3413 677 3484 absimili
694 3416 838 3510 repleta,
855 3419 999 3513 linguae
1016 3424 1180 3515 subjecta.

480 3796 484 3805 .
584 3743 700 3806 σοιν.
724 3743 958 3837 saaconn.

310 3920 734 4001 Dan1u1u10.--Tuber
763 3931 859 4004 carui
889 3920 1078 4016 subsimile,
1109 3933 1281 4008 membra-

260 4063 328 4111 nae
346 4064 549 4137 caveruosae
565 4042 637 4114 fcre
661 4046 834 4132 infixum3
861 4050 1067 4146 saepiusque
1091 4075 1163 4125 non
1187 4076 1283 4126 sacco

260 4157 446 4230 inclusum.

991 4327 1017 4367 Μ
