3326 5188
383 534 457 602 204
519 550 575 601 un
594 551 722 602 Aorno
740 549 946 603 ARSENleo
964 550 1147 609 nsusoun
1167 548 1345 605 somnus.

380 722 462 807 diis,
473 725 511 796 in
525 725 839 797 inflammationem
852 724 996 796 aliunde
1013 725 1170 820 genitam
1188 714 1333 810 idoneis,
1345 726 1403 799 de·

383 839 547 914 bellanda
564 842 658 913 sunt}

416 1157 568 1220 CCXVI.
603 1155 841 1233 QUAEDAM
865 1159 929 1221 DE
952 1158 1100 1222 ACIDO
1123 1158 1379 1237 ARSENICO·

635 1376 638 1384 Ι
667 1282 877 1356 EJUSQUE
903 1283 1108 1347 SALIBUS.

428 1467 608 1537 Aornum
625 1484 870 1536 ARsEMcUM
893 1468 1038 1559 ejusque
1060 1465 1148 1537 sales
1172 1466 1309 1538 eosdem
1328 1465 1399 1538 fere

377 1582 522 1655 effectus
541 1582 704 1653 exitiosos
722 1581 844 1663 edunt,
858 1606 944 1675 quos
961 1602 1129 1653 semum
1149 1603 1399 1655 ARSENOSUM

376 1713 413 1774 et
432 1706 507 1798 ejus
525 1703 635 1774 sales:
662 1711 789 1773 nocent
806 1683 907 1796 porro
924 1700 1046 1772 eodem
1063 1700 1191 1772 modo:
1219 1702 1329 1773 rarius
1348 1711 1400 1773 ta·

378 1844 458 1891 men
475 1844 538 1914 pro
554 1820 697 1891 venenis
720 1817 878 1890 adhiberi
895 1819 1017 1889 solent.
1071 1819 1294 1903 Quinetiam,
1312 1839 1400 1891 Ael-

378 1957 472 2007 uuM
490 1957 736 2008 ARSENICUM
762 1937 1011 2031 experimentis
1035 1941 1111 2030 J’am
1136 1937 1318 2030 descriptis
1341 1936 1400 2009 de·

378 2056 453 2149 tegi
469 2064 595 2148 potest.

426 2172 532 2244 Haec
549 2183 668 2244 tamen
686 2183 807 2244 notare
824 2172 999 2245 medicum
1018 2183 1154 2269 oportet
1168 2198 1177 2258 ;
1197 2171 1321 2245 mitras
1336 2196 1399 2243 ar-

373 2287 482 2386 genti
498 2274 700 2372 ,arseciut'e
721 2296 898 2386 petasone
923 2291 1070 2363 mistum
1097 2289 1265 2362 facerent
1281 2289 1398 2385 pulvis

377 2431 449 2478 uon
475 2407 595 2491 flavus,
613 2416 651 2477 at
674 2407 852 2489 submber,
870 2406 1079 2502 dejiciatur:
1106 2432 1241 2480 necnon
1268 2430 1399 2480 ammo-
1446 2478 1449 2483 ,

320 2515 323 2520 ’
377 2524 563 2597 nioretom
579 2531 691 2621 cupri
715 2523 820 2597 acido
845 2524 1013 2598 arsenico
1036 2525 1213 2621 adjectum
1234 2537 1397 2597 naturam

375 2643 646 2727 subeoeruleam,
676 2667 747 2714 non
770 2643 930 2727 viridem,
955 2644 1192 2739 praecipitare.
1243 2643 1321 2716 Res
1338 2641 1397 2715 de-

374 2760 498 2832 missae
524 2759 652 2831 deinde
677 2769 805 2831 natura
822 2771 898 2832 utra
914 2770 1019 2832 antea
1043 2774 1236 2834 memorata
1259 2762 1394 2841 mistae,

376 2878 532 2972 tuboque
548 2877 659 2948 vitreo
681 2875 827 2960 inditae,
845 2876 993 2948 calefieri
1020 2876 1248 2973 debentque
1272 2877 1394 2950 metal-

376 2995 451 3064 lum
469 2995 585 3087 ipsum
602 2995 641 3064 in
659 2993 809 3065 sublime
824 2991 939 3065 latum
955 2993 1110 3086 patefiat.

425 3109 530 3193 Quae
549 3109 593 3183 de
610 3109 772 3181 remediis
789 3110 827 3180 in
845 3128 1012 3179 ACIDUM
1030 3128 1279 3181 Ansnuosum
1304 3111 1396 3206 aptis

367 3227 533 3319 disserui,
562 3228 684 3300 eadem
714 3227 786 3300 fere
813 3227 858 3299 de
875 3247 1004 3299 Aemo
1024 3247 1230 3299 Ansnruco
1260 3228 1396 3325 praedi·-

375 3346 444 3416 cari
460 3356 617 3440 possunt.

435 3653 609 3717 CCXVII.
643 3650 882 3729 QUAEDAM
905 3651 969 3735 DE
995 3649 1330 3714 SULPHURETIS

760 3775 997 3840 ABSENICI.

422 3955 449 4030 J
451 3980 507 4029 am
523 3959 669 4032 memini
687 3977 962 4030 sunenunnns
979 3977 1187 4041 assumes,
1204 3982 1293 4055 quae
1310 3958 1393 4030 effo-

369 4077 528 4159 diuntur,
546 4076 679 4169 corpori
703 4074 860 4146 humano
886 4074 1036 4146 innocua
1054 4100 1138 4159 esse,
1157 4086 1292 4147 certeve
1318 4101 1391 4149 esse

368 4219 502 4269 venena
520 4192 717 4264 mitissima.
770 4191 1051 4265 RENAumlus
1069 4193 1282 4287 experiendo
1299 4193 1390 4265 didi-

367 4313 425 4396 eit,
453 4310 635 4385 drachmas
652 4310 739 4383 duas
758 4330 1022 4383 soneuussm
1041 4329 1239 4382 ansarum
1259 4316 1387 4381 susm
1460 4351 1465 4356 -
1490 4346 1494 4350 >
