<?xml version="1.0" encoding="UTF-8"?>
<!DOCTYPE html PUBLIC "-//W3C//DTD XHTML 1.0 Transitional//EN"
    "http://www.w3.org/TR/xhtml1/DTD/xhtml1-transitional.dtd">
<html xmlns="http://www.w3.org/1999/xhtml" xml:lang="en" lang="en">
 <head>
  <title>
</title>
<meta http-equiv="Content-Type" content="text/html;charset=utf-8" />
  <meta name='ocr-system' content='tesseract 3.04.00' />
  <meta name='ocr-capabilities' content='ocr_page ocr_carea ocr_par ocr_line ocrx_word'/>
</head>
<body>
  <div class='ocr_page' id='page_1' title='image "./morborumdefinit01hawlgoog_0077.png"; bbox 0 0 3326 5302; ppageno 0'>
   <div class='ocr_carea' id='block_1_1' title="bbox 376 492 1350 581">
    <p class='ocr_par' dir='ltr' id='par_1_1' title="bbox 376 492 1350 581">
     <span class='ocr_line' id='line_1_1' title="bbox 376 492 1350 581; baseline -0.006 -18"><span class='ocrx_word' id='word_1_1' title='bbox 376 492 423 563; x_wconf 74' lang='lat'><strong>64</strong></span> <span class='ocrx_word' id='word_1_2' title='bbox 474 495 1175 581; x_wconf 72' lang='lat' dir='ltr'><strong>Hrcunraorn1A.-Aurn1rrcur10</strong></span> <span class='ocrx_word' id='word_1_3' title='bbox 1193 505 1350 559; x_wconf 84' lang='lat' dir='ltr'><strong>ooanrs.</strong></span> 
     </span>
    </p>
   </div>
   <div class='ocr_carea' id='block_1_2' title="bbox 527 678 1409 1290">
    <p class='ocr_par' dir='ltr' id='par_1_2' title="bbox 527 678 1409 1290">
     <span class='ocr_line' id='line_1_2' title="bbox 528 678 1406 767; baseline -0.009 -20"><span class='ocrx_word' id='word_1_4' title='bbox 528 686 569 747; x_wconf 86' lang='lat' dir='ltr'><strong>sis</strong></span> <span class='ocrx_word' id='word_1_5' title='bbox 579 684 640 746; x_wconf 89' lang='lat' dir='ltr'><strong>hoc</strong></span> <span class='ocrx_word' id='word_1_6' title='bbox 654 681 851 767; x_wconf 88' lang='lat' dir='ltr'><strong>potissimum</strong></span> <span class='ocrx_word' id='word_1_7' title='bbox 866 679 1031 766; x_wconf 80' lang='lat' dir='ltr'>discrepat,</span> <span class='ocrx_word' id='word_1_8' title='bbox 1042 679 1129 765; x_wconf 94' lang='lat' dir='ltr'><strong>quod</strong></span> <span class='ocrx_word' id='word_1_9' title='bbox 1142 679 1256 741; x_wconf 94' lang='lat' dir='ltr'><strong>horum</strong></span> <span class='ocrx_word' id='word_1_10' title='bbox 1267 678 1406 740; x_wconf 89' lang='lat' dir='ltr'><strong>omnium</strong></span> 
     </span>
     <span class='ocr_line' id='line_1_3' title="bbox 527 783 1408 869; baseline -0.007 -17"><span class='ocrx_word' id='word_1_11' title='bbox 527 810 690 853; x_wconf 92' lang='lat' dir='ltr'><strong>commune</strong></span> <span class='ocrx_word' id='word_1_12' title='bbox 705 798 763 865; x_wconf 89' lang='lat' dir='ltr'><strong>est,</strong></span> <span class='ocrx_word' id='word_1_13' title='bbox 773 786 854 849; x_wconf 89' lang='lat' dir='ltr'><strong>vires</strong></span> <span class='ocrx_word' id='word_1_14' title='bbox 869 785 971 848; x_wconf 90' lang='lat' dir='ltr'><strong>cordis</strong></span> <span class='ocrx_word' id='word_1_15' title='bbox 985 783 1147 848; x_wconf 89' lang='lat' dir='ltr'><strong>imminui:</strong></span> <span class='ocrx_word' id='word_1_16' title='bbox 1165 784 1408 869; x_wconf 72' lang='lat' dir='ltr'><strong>Hypertropdia</strong></span> 
     </span>
     <span class='ocr_line' id='line_1_4' title="bbox 528 888 1408 979; baseline -0.008 -22"><span class='ocrx_word' id='word_1_17' title='bbox 528 905 637 957; x_wconf 86' lang='lat' dir='ltr'><strong>contra</strong></span> <span class='ocrx_word' id='word_1_18' title='bbox 659 891 752 955; x_wconf 92' lang='lat' dir='ltr'><strong>oorde</strong></span> <span class='ocrx_word' id='word_1_19' title='bbox 776 912 877 976; x_wconf 86' lang='lat' dir='ltr'><strong>aequo</strong></span> <span class='ocrx_word' id='word_1_20' title='bbox 891 889 1035 979; x_wconf 76' lang='lat' dir='ltr'><strong>validiori</strong></span> <span class='ocrx_word' id='word_1_21' title='bbox 1056 902 1088 953; x_wconf 90' lang='lat' dir='ltr'><strong>et</strong></span> <span class='ocrx_word' id='word_1_22' title='bbox 1108 889 1249 952; x_wconf 84' lang='lat' dir='ltr'><strong>crassiori</strong></span> <span class='ocrx_word' id='word_1_23' title='bbox 1273 888 1408 977; x_wconf 60' lang='lat' dir='ltr'><strong>contina</strong></span> 
     </span>
     <span class='ocr_line' id='line_1_5' title="bbox 530 984 1409 1079; baseline -0.006 -18"><span class='ocrx_word' id='word_1_24' title='bbox 530 1010 591 1062; x_wconf 86' lang='lat' dir='ltr'><strong>tur.</strong></span> <span class='ocrx_word' id='word_1_25' title='bbox 637 997 725 1060; x_wconf 92' lang='lat' dir='ltr'><strong>Hinc</strong></span> <span class='ocrx_word' id='word_1_26' title='bbox 744 995 819 1058; x_wconf 85' lang='lat' dir='ltr'><strong>satis</strong></span> <span class='ocrx_word' id='word_1_27' title='bbox 839 984 972 1071; x_wconf 85' lang='lat' dir='ltr'><strong>constat,</strong></span> <span class='ocrx_word' id='word_1_28' title='bbox 989 1016 1046 1056; x_wconf 92' lang='lat' dir='ltr'><strong>cur</strong></span> <span class='ocrx_word' id='word_1_29' title='bbox 1067 993 1155 1079; x_wconf 82' lang='lat' dir='ltr'><strong>signa</strong></span> <span class='ocrx_word' id='word_1_30' title='bbox 1170 991 1272 1055; x_wconf 87' lang='lat' dir='ltr'><strong>cordis</strong></span> <span class='ocrx_word' id='word_1_31' title='bbox 1286 994 1409 1056; x_wconf 91' lang='lat' dir='ltr'><strong>morbo-</strong></span> 
     </span>
     <span class='ocr_line' id='line_1_6' title="bbox 528 1096 1408 1184; baseline -0.009 -19"><span class='ocrx_word' id='word_1_32' title='bbox 528 1125 601 1165; x_wconf 86' lang='lat' dir='ltr'><strong>rum</strong></span> <span class='ocrx_word' id='word_1_33' title='bbox 616 1098 804 1176; x_wconf 87' lang='lat' dir='ltr'><strong>communia,</strong></span> <span class='ocrx_word' id='word_1_34' title='bbox 819 1098 1025 1184; x_wconf 82' lang='lat' dir='ltr'><strong>palpitatione</strong></span> <span class='ocrx_word' id='word_1_35' title='bbox 1040 1120 1113 1161; x_wconf 88' lang='lat' dir='ltr'><strong>sane</strong></span> <span class='ocrx_word' id='word_1_36' title='bbox 1128 1108 1160 1160; x_wconf 91' lang='lat' dir='ltr'><strong>et</strong></span> <span class='ocrx_word' id='word_1_37' title='bbox 1176 1096 1314 1181; x_wconf 89' lang='lat' dir='ltr'><strong>spirandi</strong></span> <span class='ocrx_word' id='word_1_38' title='bbox 1330 1096 1408 1158; x_wconf 89' lang='lat' dir='ltr'><strong>diffi-</strong></span> 
     </span>
     <span class='ocr_line' id='line_1_7' title="bbox 528 1202 1210 1290; baseline -0.01 -20"><span class='ocrx_word' id='word_1_39' title='bbox 528 1207 646 1270; x_wconf 87' lang='lat' dir='ltr'><strong>cultate</strong></span> <span class='ocrx_word' id='word_1_40' title='bbox 661 1204 810 1290; x_wconf 84' lang='lat' dir='ltr'><strong>exceptis,</strong></span> <span class='ocrx_word' id='word_1_41' title='bbox 826 1204 1087 1289; x_wconf 71' lang='lat' dir='ltr'><strong>Hypertroplrioc</strong></span> <span class='ocrx_word' id='word_1_42' title='bbox 1100 1202 1210 1265; x_wconf 86' lang='lat' dir='ltr'><strong>desint.</strong></span> 
     </span>
    </p>
   </div>
   <div class='ocr_carea' id='block_1_3' title="bbox 368 1399 1408 1699">
    <p class='ocr_par' dir='ltr' id='par_1_3' title="bbox 368 1399 1408 1699">
     <span class='ocr_line' id='line_1_8' title="bbox 421 1399 1408 1467; baseline -0.007 0"><span class='ocrx_word' id='word_1_43' title='bbox 421 1405 465 1467; x_wconf 82' lang='lat' dir='ltr'><strong>A.</strong></span> <span class='ocrx_word' id='word_1_44' title='bbox 491 1405 602 1466; x_wconf 73' lang='lat' dir='ltr'><strong>Srcns</strong></span> <span class='ocrx_word' id='word_1_45' title='bbox 617 1403 917 1464; x_wconf 73' lang='lat' dir='ltr'><strong>Hrrnarrormrn</strong></span> <span class='ocrx_word' id='word_1_46' title='bbox 933 1400 1143 1461; x_wconf 78' lang='lat' dir='ltr'><strong>vnu&#39;rnrcum</strong></span> <span class='ocrx_word' id='word_1_47' title='bbox 1159 1399 1408 1461; x_wconf 65' lang='lat' dir='ltr'><strong>narrar—Re-</strong></span> 
     </span>
     <span class='ocr_line' id='line_1_9' title="bbox 380 1502 1407 1592; baseline -0.005 -22"><span class='ocrx_word' id='word_1_48' title='bbox 380 1507 508 1592; x_wconf 86' lang='lat' dir='ltr'><strong>spiratio</strong></span> <span class='ocrx_word' id='word_1_49' title='bbox 521 1505 722 1569; x_wconf 87' lang='lat' dir='ltr'><strong>difficillima:</strong></span> <span class='ocrx_word' id='word_1_50' title='bbox 747 1502 1013 1566; x_wconf 84' lang='lat' dir='ltr'><strong>vultus&#39;tumidus</strong></span> <span class='ocrx_word' id='word_1_51' title='bbox 1028 1514 1059 1566; x_wconf 89' lang='lat' dir='ltr'><strong>et</strong></span> <span class='ocrx_word' id='word_1_52' title='bbox 1073 1503 1286 1566; x_wconf 88' lang='lat' dir='ltr'><strong>ruberrimus:</strong></span> <span class='ocrx_word' id='word_1_53' title='bbox 1310 1525 1407 1565; x_wconf 85' lang='lat' dir='ltr'><strong>venae</strong></span> 
     </span>
     <span class='ocr_line' id='line_1_10' title="bbox 368 1607 1408 1699; baseline -0.006 -23"><span class='ocrx_word' id='word_1_54' title='bbox 368 1614 548 1699; x_wconf 70' lang='lat' dir='ltr'><em>jugulares</em></span> <span class='ocrx_word' id='word_1_55' title='bbox 559 1609 713 1696; x_wconf 80' lang='lat' dir='ltr'><strong>turgidae,</strong></span> <span class='ocrx_word' id='word_1_56' title='bbox 728 1607 887 1670; x_wconf 88' lang='lat' dir='ltr'><strong>interdum</strong></span> <span class='ocrx_word' id='word_1_57' title='bbox 902 1607 1161 1692; x_wconf 67' lang='lat' dir='ltr'><strong>pulsu&#39;agitatne:</strong></span> <span class='ocrx_word' id='word_1_58' title='bbox 1185 1608 1296 1692; x_wconf 89' lang='lat' dir='ltr'><strong>pulsus</strong></span> <span class='ocrx_word' id='word_1_59' title='bbox 1307 1608 1408 1671; x_wconf 85' lang='lat' dir='ltr'><strong>cordis</strong></span> 
     </span>
    </p>
   </div>
   <div class='ocr_carea' id='block_1_4' title="bbox 379 1704 1409 1884">
    <p class='ocr_par' dir='ltr' id='par_1_4' title="bbox 379 1704 1409 1884">
     <span class='ocr_line' id='line_1_11' title="bbox 379 1704 1409 1801; baseline -0.005 -23"><span class='ocrx_word' id='word_1_60' title='bbox 379 1716 579 1801; x_wconf 66' lang='lat' dir='ltr'><strong>stetloscr&#39;pio</strong></span> <span class='ocrx_word' id='word_1_61' title='bbox 604 1704 732 1777; x_wconf 85' lang='lat' dir='ltr'><strong>admoto</strong></span> <span class='ocrx_word' id='word_1_62' title='bbox 756 1712 843 1796; x_wconf 83' lang='lat' dir='ltr'><strong>apud</strong></span> <span class='ocrx_word' id='word_1_63' title='bbox 868 1711 967 1773; x_wconf 89' lang='lat' dir='ltr'><strong>imum</strong></span> <span class='ocrx_word' id='word_1_64' title='bbox 991 1723 1034 1775; x_wconf 59' lang='lat' dir='ltr'><strong>os*</strong></span> <span class='ocrx_word' id='word_1_65' title='bbox 1048 1713 1194 1796; x_wconf 86' lang='lat' dir='ltr'><strong>pectoris,</strong></span> <span class='ocrx_word' id='word_1_66' title='bbox 1210 1734 1306 1797; x_wconf 85' lang='lat' dir='ltr'><strong>quam</strong></span> <span class='ocrx_word' id='word_1_67' title='bbox 1328 1714 1409 1776; x_wconf 92' lang='lat' dir='ltr'><strong>inter</strong></span> 
     </span>
     <span class='ocr_line' id='line_1_12' title="bbox 381 1815 937 1884; baseline -0.014 -2"><span class='ocrx_word' id='word_1_68' title='bbox 381 1831 498 1884; x_wconf 88' lang='lat' dir='ltr'><strong>costam</strong></span> <span class='ocrx_word' id='word_1_69' title='bbox 513 1825 589 1879; x_wconf 70' lang='lat' dir='ltr'><strong>vtem</strong></span> <span class='ocrx_word' id='word_1_70' title='bbox 604 1827 635 1879; x_wconf 90' lang='lat' dir='ltr'><strong>et</strong></span> <span class='ocrx_word' id='word_1_71' title='bbox 651 1823 742 1878; x_wconf 79' lang='lat' dir='ltr'><strong>v1tam</strong></span> <span class='ocrx_word' id='word_1_72' title='bbox 757 1815 937 1878; x_wconf 89' lang='lat' dir='ltr'><strong>evidentior.</strong></span> 
     </span>
    </p>
   </div>
   <div class='ocr_carea' id='block_1_5' title="bbox 365 2000 1410 2483">
    <p class='ocr_par' dir='ltr' id='par_1_5' title="bbox 365 2000 1410 2483">
     <span class='ocr_line' id='line_1_13' title="bbox 425 2000 1410 2081; baseline 0.003 -20"><span class='ocrx_word' id='word_1_73' title='bbox 425 2000 464 2061; x_wconf 94' lang='grc' dir='ltr'><strong>Β.</strong></span> <span class='ocrx_word' id='word_1_74' title='bbox 497 2000 607 2061; x_wconf 73' lang='lat' dir='ltr'><strong>Sroua</strong></span> <span class='ocrx_word' id='word_1_75' title='bbox 634 2000 935 2061; x_wconf 74' lang='lat' dir='ltr'><strong>Hrrurraormsn</strong></span> <span class='ocrx_word' id='word_1_76' title='bbox 962 2017 1172 2081; x_wconf 79' lang='lat' dir='ltr'><strong>vnurnrcnm</strong></span> <span class='ocrx_word' id='word_1_77' title='bbox 1201 2020 1410 2064; x_wconf 79' lang='lat' dir='ltr'><strong>srnrsrnn—</strong></span> 
     </span>
     <span class='ocr_line' id='line_1_14' title="bbox 383 2099 1407 2184; baseline 0.002 -16"><span class='ocrx_word' id='word_1_78' title='bbox 383 2103 501 2168; x_wconf 91' lang='lat' dir='ltr'><strong>Pulsus</strong></span> <span class='ocrx_word' id='word_1_79' title='bbox 515 2102 616 2165; x_wconf 91' lang='lat' dir='ltr'><strong>cordis</strong></span> <span class='ocrx_word' id='word_1_80' title='bbox 631 2114 663 2166; x_wconf 89' lang='lat' dir='ltr'><strong>et</strong></span> <span class='ocrx_word' id='word_1_81' title='bbox 676 2101 861 2165; x_wconf 85' lang='lat' dir='ltr'><strong>arteriarum</strong></span> <span class='ocrx_word' id='word_1_82' title='bbox 875 2099 970 2162; x_wconf 80' lang='lat' dir='ltr'><strong>validi</strong></span> <span class='ocrx_word' id='word_1_83' title='bbox 981 2126 999 2184; x_wconf 12' lang='lat' dir='ltr'><strong>:p</strong></span> <span class='ocrx_word' id='word_1_84' title='bbox 1010 2102 1118 2165; x_wconf 84' lang='lat' dir='ltr'><strong>vultus</strong></span> <span class='ocrx_word' id='word_1_85' title='bbox 1132 2103 1265 2166; x_wconf 85' lang='lat' dir='ltr'><strong>coccinei</strong></span> <span class='ocrx_word' id='word_1_86' title='bbox 1280 2106 1407 2170; x_wconf 90' lang='lat' dir='ltr'><strong>coloris:</strong></span> 
     </span>
     <span class='ocr_line' id='line_1_15' title="bbox 365 2206 1409 2295; baseline 0.001 -23"><span class='ocrx_word' id='word_1_87' title='bbox 365 2268 367 2272; x_wconf 76' lang='grc'><strong>,</strong></span> <span class='ocrx_word' id='word_1_88' title='bbox 380 2210 491 2295; x_wconf 91' lang='lat' dir='ltr'><strong>pulsus</strong></span> <span class='ocrx_word' id='word_1_89' title='bbox 506 2208 618 2286; x_wconf 83' lang='lat' dir='ltr'><strong>cordis,</strong></span> <span class='ocrx_word' id='word_1_90' title='bbox 630 2231 690 2294; x_wconf 91' lang='lat' dir='ltr'><strong>ope</strong></span> <span class='ocrx_word' id='word_1_91' title='bbox 700 2207 906 2292; x_wconf 75' lang='lat' dir='ltr'><strong>stelloscopii,</strong></span> <span class='ocrx_word' id='word_1_92' title='bbox 921 2206 1003 2269; x_wconf 88' lang='lat' dir='ltr'><strong>inter</strong></span> <span class='ocrx_word' id='word_1_93' title='bbox 1017 2218 1135 2271; x_wconf 89' lang='lat' dir='ltr'><strong>costam</strong></span> <span class='ocrx_word' id='word_1_94' title='bbox 1150 2215 1240 2270; x_wconf 65' lang='lat' dir='ltr'><strong>vrtam</strong></span> <span class='ocrx_word' id='word_1_95' title='bbox 1256 2221 1287 2272; x_wconf 91' lang='lat' dir='ltr'><strong>et</strong></span> <span class='ocrx_word' id='word_1_96' title='bbox 1302 2217 1409 2273; x_wconf 61' lang='lat' dir='ltr'><strong>vniam</strong></span> 
     </span>
     <span class='ocr_line' id='line_1_16' title="bbox 382 2313 1409 2399; baseline 0.004 -24"><span class='ocrx_word' id='word_1_97' title='bbox 382 2326 567 2399; x_wconf 86' lang='lat' dir='ltr'><strong>perceptus:</strong></span> <span class='ocrx_word' id='word_1_98' title='bbox 592 2314 739 2378; x_wconf 82' lang='lat' dir='ltr'><strong>valetudo</strong></span> <span class='ocrx_word' id='word_1_99' title='bbox 760 2335 874 2398; x_wconf 86' lang='lat' dir='ltr'><strong>parum</strong></span> <span class='ocrx_word' id='word_1_100' title='bbox 894 2313 986 2391; x_wconf 84' lang='lat' dir='ltr'><strong>laesa,</strong></span> <span class='ocrx_word' id='word_1_101' title='bbox 1005 2315 1063 2377; x_wconf 88' lang='lat' dir='ltr'><strong>nisi</strong></span> <span class='ocrx_word' id='word_1_102' title='bbox 1084 2315 1217 2379; x_wconf 89' lang='lat' dir='ltr'><strong>admotis</strong></span> <span class='ocrx_word' id='word_1_103' title='bbox 1232 2316 1409 2379; x_wconf 88' lang='lat' dir='ltr'><strong>incitamen-</strong></span> 
     </span>
     <span class='ocr_line' id='line_1_17' title="bbox 382 2420 430 2483; baseline -0.021 -1"><span class='ocrx_word' id='word_1_104' title='bbox 382 2420 430 2483; x_wconf 90' lang='lat' dir='ltr'><strong>tis.</strong></span> 
     </span>
    </p>
   </div>
   <div class='ocr_carea' id='block_1_6' title="bbox 556 2712 1241 2781">
    <p class='ocr_par' dir='ltr' id='par_1_6' title="bbox 556 2712 1241 2781">
     <span class='ocr_line' id='line_1_18' title="bbox 556 2712 1241 2781; baseline -0.001 -3"><span class='ocrx_word' id='word_1_105' title='bbox 556 2712 655 2778; x_wconf 86' lang='lat' dir='ltr'>LXI.</span> <span class='ocrx_word' id='word_1_106' title='bbox 679 2713 1037 2780; x_wconf 84' lang='lat' dir='ltr'><strong>AMPLIFICATIO</strong></span> <span class='ocrx_word' id='word_1_107' title='bbox 1061 2713 1241 2781; x_wconf 86' lang='lat' dir='ltr'><strong>CORDIS.</strong></span> 
     </span>
    </p>
   </div>
   <div class='ocr_carea' id='block_1_7' title="bbox 384 2862 1463 3219">
    <p class='ocr_par' dir='ltr' id='par_1_7' title="bbox 384 2862 1463 3219">
     <span class='ocr_line' id='line_1_19' title="bbox 437 2862 1463 2992; baseline 0.003 -24"><span class='ocrx_word' id='word_1_108' title='bbox 437 2862 811 2968; x_wconf 61' lang='lat' dir='ltr'><strong>Dns1n1r10.ss-Cor</strong></span> <span class='ocrx_word' id='word_1_109' title='bbox 828 2907 891 2966; x_wconf 86' lang='lat' dir='ltr'><strong>aut</strong></span> <span class='ocrx_word' id='word_1_110' title='bbox 905 2898 1053 2992; x_wconf 84' lang='lat' dir='ltr'><strong>quodvis</strong></span> <span class='ocrx_word' id='word_1_111' title='bbox 1067 2902 1143 2990; x_wconf 88' lang='lat' dir='ltr'><strong>ejus</strong></span> <span class='ocrx_word' id='word_1_112' title='bbox 1159 2900 1339 2983; x_wconf 86' lang='lat' dir='ltr'><strong>atriorum,</strong></span> <span class='ocrx_word' id='word_1_113' title='bbox 1354 2926 1406 2972; x_wconf 84' lang='lat' dir='ltr'><strong>so·</strong></span> <span class='ocrx_word' id='word_1_114' title='bbox 1460 2974 1463 2978; x_wconf 73' lang='grc'>,</span> 
     </span>
     <span class='ocr_line' id='line_1_20' title="bbox 384 3008 1406 3107; baseline 0.006 -25"><span class='ocrx_word' id='word_1_115' title='bbox 384 3014 450 3084; x_wconf 83' lang='lat' dir='ltr'><strong>lito</strong></span> <span class='ocrx_word' id='word_1_116' title='bbox 467 3009 610 3081; x_wconf 84' lang='lat' dir='ltr'><strong>tenuius</strong></span> <span class='ocrx_word' id='word_1_117' title='bbox 627 3019 733 3103; x_wconf 86' lang='lat' dir='ltr'><strong>atque</strong></span> <span class='ocrx_word' id='word_1_118' title='bbox 760 3008 922 3094; x_wconf 90' lang='lat' dir='ltr'><strong>debilius,</strong></span> <span class='ocrx_word' id='word_1_119' title='bbox 942 3035 1024 3081; x_wconf 87' lang='lat' dir='ltr'><strong>cavo</strong></span> <span class='ocrx_word' id='word_1_120' title='bbox 1052 3012 1158 3084; x_wconf 88' lang='lat' dir='ltr'><strong>simul</strong></span> <span class='ocrx_word' id='word_1_121' title='bbox 1184 3013 1406 3107; x_wconf 86' lang='lat' dir='ltr'><strong>amplificato,</strong></span> 
     </span>
     <span class='ocr_line' id='line_1_21' title="bbox 384 3123 851 3219; baseline -0.011 -20"><span class='ocrx_word' id='word_1_122' title='bbox 384 3125 603 3219; x_wconf 88' lang='lat' dir='ltr'><strong>valvulisque</strong></span> <span class='ocrx_word' id='word_1_123' title='bbox 619 3123 690 3197; x_wconf 83' lang='lat' dir='ltr'><strong>fere</strong></span> <span class='ocrx_word' id='word_1_124' title='bbox 707 3126 851 3198; x_wconf 87' lang='lat' dir='ltr'><strong>vitiosis.</strong></span> 
     </span>
    </p>
   </div>
   <div class='ocr_carea' id='block_1_8' title="bbox 380 3318 1510 3826">
    <p class='ocr_par' dir='ltr' id='par_1_8' title="bbox 380 3318 1510 3826">
     <span class='ocr_line' id='line_1_22' title="bbox 419 3318 1409 3397; baseline 0.006 -15"><span class='ocrx_word' id='word_1_125' title='bbox 419 3322 463 3382; x_wconf 89' lang='lat' dir='ltr'><strong>A.</strong></span> <span class='ocrx_word' id='word_1_126' title='bbox 480 3318 589 3382; x_wconf 72' lang='lat' dir='ltr'><strong>Sroun</strong></span> <span class='ocrx_word' id='word_1_127' title='bbox 604 3338 911 3384; x_wconf 72' lang='lat' dir='ltr'><strong>Aurnrrrcsrrorus</strong></span> <span class='ocrx_word' id='word_1_128' title='bbox 927 3339 1137 3397; x_wconf 64' lang='lat' dir='ltr'><strong>ronrnrcunr</strong></span> <span class='ocrx_word' id='word_1_129' title='bbox 1150 3322 1409 3388; x_wconf 71' lang='lat' dir='ltr'><strong>unsrun-Pul</strong></span> 
     </span>
     <span class='ocr_line' id='line_1_23' title="bbox 383 3424 1409 3517; baseline 0.008 -29"><span class='ocrx_word' id='word_1_130' title='bbox 383 3448 436 3488; x_wconf 91' lang='lat' dir='ltr'><strong>sus</strong></span> <span class='ocrx_word' id='word_1_131' title='bbox 450 3424 562 3502; x_wconf 87' lang='lat' dir='ltr'><strong>cordis,</strong></span> <span class='ocrx_word' id='word_1_132' title='bbox 578 3447 638 3511; x_wconf 88' lang='lat' dir='ltr'><strong>ope</strong></span> <span class='ocrx_word' id='word_1_133' title='bbox 651 3425 855 3511; x_wconf 70' lang='lat' dir='ltr'><strong>stethoscrpii,</strong></span> <span class='ocrx_word' id='word_1_134' title='bbox 869 3427 1034 3491; x_wconf 85' lang='lat' dir='ltr'><strong>vehemens</strong></span> <span class='ocrx_word' id='word_1_135' title='bbox 1048 3451 1114 3491; x_wconf 88' lang='lat' dir='ltr'><strong>esse</strong></span> <span class='ocrx_word' id='word_1_136' title='bbox 1133 3441 1299 3514; x_wconf 85' lang='lat' dir='ltr'><strong>perceptus</strong></span> <span class='ocrx_word' id='word_1_137' title='bbox 1322 3433 1409 3517; x_wconf 84' lang='lat' dir='ltr'><strong>apud</strong></span> 
     </span>
     <span class='ocr_line' id='line_1_24' title="bbox 380 3531 1409 3619; baseline 0.005 -24"><span class='ocrx_word' id='word_1_138' title='bbox 380 3534 480 3596; x_wconf 92' lang='lat' dir='ltr'><strong>imum</strong></span> <span class='ocrx_word' id='word_1_139' title='bbox 494 3555 529 3595; x_wconf 88' lang='lat' dir='ltr'><strong>os</strong></span> <span class='ocrx_word' id='word_1_140' title='bbox 543 3531 688 3618; x_wconf 85' lang='lat' dir='ltr'><strong>pectoris,</strong></span> <span class='ocrx_word' id='word_1_141' title='bbox 702 3531 784 3594; x_wconf 83' lang='lat' dir='ltr'><strong>inter</strong></span> <span class='ocrx_word' id='word_1_142' title='bbox 803 3533 1015 3619; x_wconf 81' lang='lat' dir='ltr'><strong>cartilaginem</strong></span> <span class='ocrx_word' id='word_1_143' title='bbox 1030 3545 1132 3597; x_wconf 86' lang='lat' dir='ltr'><strong>costae</strong></span> <span class='ocrx_word' id='word_1_144' title='bbox 1147 3540 1212 3595; x_wconf 77' lang='lat' dir='ltr'><strong>vtae</strong></span> <span class='ocrx_word' id='word_1_145' title='bbox 1226 3548 1257 3599; x_wconf 89' lang='lat' dir='ltr'><strong>et</strong></span> <span class='ocrx_word' id='word_1_146' title='bbox 1272 3541 1351 3600; x_wconf 69' lang='lat' dir='ltr'><strong>vitae</strong></span> <span class='ocrx_word' id='word_1_147' title='bbox 1365 3538 1409 3600; x_wconf 73' lang='lat' dir='ltr'><strong>la</strong></span> 
     </span>
     <span class='ocr_line' id='line_1_25' title="bbox 382 3633 1510 3728; baseline 0.006 -29"><span class='ocrx_word' id='word_1_148' title='bbox 382 3638 456 3700; x_wconf 90' lang='lat' dir='ltr'><strong>teris</strong></span> <span class='ocrx_word' id='word_1_149' title='bbox 470 3637 591 3701; x_wconf 86' lang='lat' dir='ltr'><strong>dextri:</strong></span> <span class='ocrx_word' id='word_1_150' title='bbox 616 3659 712 3701; x_wconf 86' lang='lat' dir='ltr'><strong>venae</strong></span> <span class='ocrx_word' id='word_1_151' title='bbox 714 3639 891 3722; x_wconf 75' lang='lat' dir='ltr'><strong>jugulares</strong></span> <span class='ocrx_word' id='word_1_152' title='bbox 906 3637 1069 3722; x_wconf 84' lang='lat' dir='ltr'><strong>turgidae:</strong></span> <span class='ocrx_word' id='word_1_153' title='bbox 1086 3633 1194 3703; x_wconf 88' lang='lat' dir='ltr'><strong>vultus</strong></span> <span class='ocrx_word' id='word_1_154' title='bbox 1208 3663 1405 3728; x_wconf 87' lang='lat' dir='ltr'><strong>purpureus:</strong></span> <span class='ocrx_word' id='word_1_155' title='bbox 1506 3644 1510 3647; x_wconf 67' lang='grc'><strong>’</strong></span> 
     </span>
     <span class='ocr_line' id='line_1_26' title="bbox 385 3739 1384 3826; baseline 0.007 -24"><span class='ocrx_word' id='word_1_156' title='bbox 385 3740 522 3824; x_wconf 87' lang='lat' dir='ltr'><strong>spirandi</strong></span> <span class='ocrx_word' id='word_1_157' title='bbox 537 3739 719 3803; x_wconf 88' lang='lat' dir='ltr'><strong>difficultas:</strong></span> <span class='ocrx_word' id='word_1_158' title='bbox 744 3741 911 3824; x_wconf 76' lang='lat' dir='ltr'><strong>apopleoeio</strong></span> <span class='ocrx_word' id='word_1_159' title='bbox 925 3739 975 3802; x_wconf 88' lang='lat' dir='ltr'><strong>vel</strong></span> <span class='ocrx_word' id='word_1_160' title='bbox 989 3739 1130 3825; x_wconf 88' lang='lat' dir='ltr'><strong>hydrops</strong></span> <span class='ocrx_word' id='word_1_161' title='bbox 1146 3765 1235 3826; x_wconf 87' lang='lat' dir='ltr'><strong>saepe</strong></span> <span class='ocrx_word' id='word_1_162' title='bbox 1249 3745 1384 3809; x_wconf 87' lang='lat' dir='ltr'><strong>futurus.</strong></span> 
     </span>
    </p>
   </div>
   <div class='ocr_carea' id='block_1_9' title="bbox 381 3920 1410 4225">
    <p class='ocr_par' dir='ltr' id='par_1_9' title="bbox 381 3920 1410 4225">
     <span class='ocr_line' id='line_1_27' title="bbox 426 3920 1408 3997; baseline 0.005 -11"><span class='ocrx_word' id='word_1_163' title='bbox 426 3925 463 3986; x_wconf 86' lang='lat' dir='ltr'><strong>B.</strong></span> <span class='ocrx_word' id='word_1_164' title='bbox 489 3924 599 3986; x_wconf 70' lang='lat' dir='ltr'><strong>Sroua</strong></span> <span class='ocrx_word' id='word_1_165' title='bbox 628 3940 935 3986; x_wconf 70' lang='lat' dir='ltr'><strong>surrrrrcnrrours</strong></span> <span class='ocrx_word' id='word_1_166' title='bbox 967 3920 1174 3997; x_wconf 74' lang='lat' dir='ltr'><strong>vaurarco&#39;m</strong></span> <span class='ocrx_word' id='word_1_167' title='bbox 1206 3947 1408 3992; x_wconf 78' lang='lat' dir='ltr'><strong>srumrrn-</strong></span> 
     </span>
     <span class='ocr_line' id='line_1_28' title="bbox 385 4026 1407 4118; baseline 0.003 -25"><span class='ocrx_word' id='word_1_168' title='bbox 385 4028 482 4115; x_wconf 84' lang='lat' dir='ltr'><strong>Signa</strong></span> <span class='ocrx_word' id='word_1_169' title='bbox 504 4026 685 4089; x_wconf 91' lang='lat' dir='ltr'><strong>morborum</strong></span> <span class='ocrx_word' id='word_1_170' title='bbox 704 4026 806 4091; x_wconf 91' lang='lat' dir='ltr'><strong>cordis</strong></span> <span class='ocrx_word' id='word_1_171' title='bbox 826 4026 1020 4089; x_wconf 89' lang='lat' dir='ltr'><strong>communia:</strong></span> <span class='ocrx_word' id='word_1_172' title='bbox 1044 4028 1155 4113; x_wconf 91' lang='lat' dir='ltr'><strong>pulsus</strong></span> <span class='ocrx_word' id='word_1_173' title='bbox 1169 4030 1270 4094; x_wconf 90' lang='lat' dir='ltr'><strong>cordis</strong></span> <span class='ocrx_word' id='word_1_174' title='bbox 1284 4032 1407 4118; x_wconf 90' lang='lat' dir='ltr'><strong>plenus,</strong></span> 
     </span>
     <span class='ocr_line' id='line_1_29' title="bbox 381 4128 1410 4225; baseline 0.007 -30"><span class='ocrx_word' id='word_1_175' title='bbox 381 4134 546 4197; x_wconf 86' lang='lat' dir='ltr'><strong>vehemens</strong></span> <span class='ocrx_word' id='word_1_176' title='bbox 560 4133 641 4195; x_wconf 90' lang='lat' dir='ltr'><strong>inter</strong></span> <span class='ocrx_word' id='word_1_177' title='bbox 654 4142 772 4196; x_wconf 86' lang='lat' dir='ltr'><strong>costam</strong></span> <span class='ocrx_word' id='word_1_178' title='bbox 787 4136 864 4194; x_wconf 67' lang='lat' dir='ltr'><strong>vtem</strong></span> <span class='ocrx_word' id='word_1_179' title='bbox 878 4144 909 4196; x_wconf 88' lang='lat' dir='ltr'><strong>et</strong></span> <span class='ocrx_word' id='word_1_180' title='bbox 925 4148 1045 4195; x_wconf 69' lang='lat' dir='ltr'><strong>rumam</strong></span> <span class='ocrx_word' id='word_1_181' title='bbox 1060 4128 1164 4199; x_wconf 83' lang='lat' dir='ltr'><strong>lateris</strong></span> <span class='ocrx_word' id='word_1_182' title='bbox 1183 4135 1264 4200; x_wconf 84' lang='lat' dir='ltr'><strong>laevi</strong></span> <span class='ocrx_word' id='word_1_183' title='bbox 1283 4160 1410 4225; x_wconf 84' lang='lat' dir='ltr'><strong>percep-</strong></span> 
     </span>
    </p>
   </div>
   <div class='ocr_carea' id='block_1_10' title="bbox 382 4238 1409 4341">
    <p class='ocr_par' dir='ltr' id='par_1_10' title="bbox 382 4238 1409 4341">
     <span class='ocr_line' id='line_1_30' title="bbox 382 4238 1409 4341; baseline 0.006 -39"><span class='ocrx_word' id='word_1_184' title='bbox 382 4251 445 4318; x_wconf 92' lang='lat' dir='ltr'><strong>tus,</strong></span> <span class='ocrx_word' id='word_1_185' title='bbox 471 4238 601 4341; x_wconf 86' lang='lat' dir='ltr'><strong>admoto</strong></span> <span class='ocrx_word' id='word_1_186' title='bbox 623 4238 841 4325; x_wconf 78' lang='lat' dir='ltr'><strong>stctloscopio:</strong></span> <span class='ocrx_word' id='word_1_187' title='bbox 864 4251 959 4324; x_wconf 88' lang='lat' dir='ltr'><strong>atque</strong></span> <span class='ocrx_word' id='word_1_188' title='bbox 982 4261 1038 4326; x_wconf 90' lang='lat' dir='ltr'><strong>per</strong></span> <span class='ocrx_word' id='word_1_189' title='bbox 1060 4241 1196 4326; x_wconf 85' lang='lat' dir='ltr'><strong>spatium</strong></span> <span class='ocrx_word' id='word_1_190' title='bbox 1210 4265 1249 4307; x_wconf 83' lang='lat' dir='ltr'><strong>eo</strong></span> <span class='ocrx_word' id='word_1_191' title='bbox 1262 4244 1409 4329; x_wconf 84' lang='lat' dir='ltr'><strong>amplius,</strong></span> 
     </span>
    </p>
   </div>
   <div class='ocr_carea' id='block_1_11' title="bbox 0 0 1684 5302">
    <p class='ocr_par' dir='ltr' id='par_1_11' title="bbox 0 0 1684 5302">
     <span class='ocr_line' id='line_1_31' title="bbox 0 0 1684 5302; baseline 0 0"><span class='ocrx_word' id='word_1_192' title='bbox 0 0 1684 5302; x_wconf 95' lang='lat' dir='ltr'><strong> </strong></span> 
     </span>
    </p>
   </div>
  </div>
 </body>
</html>
