3342 5208
350 511 396 574 88
671 523 1040 576 rurus-sussurim.

400 697 435 770 d.
462 698 749 783 Canama—ai
775 724 819 772 cx
838 712 946 795 -parte
973 700 1136 772 intestini
1163 702 1369 796 angustiori,

250 823 253 828 ’
350 818 394 888 ob
418 816 657 888 membranam
682 840 858 890 mucosum
884 817 1106 890 crassiorem:
1140 820 1239 913 cujus
1268 819 1370 914 signa

350 945 445 1020 sunt,
463 935 570 1008 colica
586 961 666 1009 cum
684 937 822 1032 angoris
839 961 942 1009 sensu
959 937 1004 1008 ad
1024 962 1132 1009 unam
1157 948 1293 1034 partem
1318 960 1370 1007 re-

349 1053 433 1139 lato,
451 1055 608 1150 abrisque
624 1056 711 1128 citra
729 1054 874 1127 eandem
891 1055 1029 1139 inclusi,
1059 1056 1154 1127 unde
1178 1055 1293 1150 gravis
1309 1052 1369 1125 do-

350 1171 403 1243 lor
420 1173 542 1257 cietur,
568 1181 646 1245 ae‘re
663 1173 835 1270 paulatim
853 1184 1058 1247 transeunte
1075 1175 1257 1246 abiturus:
1284 1185 1371 1245 ster·

350 1314 410 1363 cus
427 1293 571 1363 omnino
587 1301 775 1364 retentum.

399 1432 429 1482 c.
457 1409 798 1494 Camurium-si
824 1435 868 1481 ex
896 1409 1038 1482 calculis
1065 1411 1236 1482 intestino
1266 1412 1369 1482 infix-

352 1529 383 1600 is
409 1521 586 1601 exoritur:
622 1531 722 1625 cujus
751 1528 852 1622 signa
879 1543 972 1612 sunt,
1004 1527 1111 1599 colica
1140 1552 1219 1598 cum
1246 1530 1371 1600 tubere

351 1647 439 1719 duro
455 1658 492 1720 et
508 1648 641 1732 mobili,
659 1672 767 1719 manu
787 1646 927 1719 admota
946 1646 1139 1731 sentiendo,
1167 1648 1370 1743 praesertim

352 1766 447 1860 apud
463 1768 640 1861 regionem
660 1763 805 1838 iliacam
821 1765 981 1836 dextram
995 1790 1005 1850 ;
1035 1764 1167 1837 calculo
1188 1767 1370 1839 interdum

348 1880 484 1975 dejecto
500 1882 594 1952 mala
610 1881 733 1952 soluta.
1154 1896 1157 1901 “

385 1997 426 2096 f.
451 1998 772 2081 Hemonam—si
806 1998 951 2094 plumbo
987 1997 1192 2071 humoribus
1226 2003 1371 2073 circum-

281 2175 285 2199 ,
348 2117 515 2190 euntibus
545 2119 649 2189 misto
683 2116 879 2189 enascitur:
915 2117 1015 2211 signa
1040 2127 1134 2202 sunt,
1169 2142 1369 2214 praegresso

348 2237 534 2331 gravitatis
557 2237 596 2307 in
613 2223 799 2307 abdomine
815 2258 929 2319 sensu,
947 2236 1131 2330 praecipue
1149 2238 1237 2309 circa
1254 2240 1369 2310 umbi-

348 2350 467 2438 licum,
484 2353 584 2424 dolor
600 2350 733 2426 colicae
750 2353 919 2448 proprius,
933 2353 1037 2424 initio
1050 2352 1147 2439 levis
1159 2356 1303 2450 ciboque
1314 2382 1368 2428 ac-

349 2484 451 2568 cepto
467 2474 708 2570 ingravescens
723 2458 732 2542 r
758 2472 840 2542 dein
858 2472 996 2568 gravior
1012 2482 1049 2544 et
1065 2471 1137 2544 fere
1156 2486 1369 2570 perpetuus:

349 2591 492 2664 demum
510 2590 608 2664 dolor
624 2591 717 2663 dorsi
735 2602 771 2662 et
787 2589 1007 2662 brachiorum
1024 2591 1060 2661 in
1075 2589 1280 2688 paralysin
1297 2595 1370 2665 abi-

349 2720 458 2783 turus.

564 3006 697 3070 XCIX.
721 3006 1146 3073 INTUssUscEPTIO.

397 3190 787 3263 DEF1N1T10.-Pars
807 3192 969 3263 intestini
986 3215 1057 3262 una
1073 3191 1110 3261 in
1127 3190 1232 3262 aliam
1250 3216 1367 3288 accep·

346 3320 395 3394 ta,
407 3309 542 3404 saepius
554 3332 634 3402 pars
647 3308 838 3381 ventriculo
852 3310 990 3381 citerior
1003 3310 1040 3379 in
1053 3308 1253 3382 ulteriorem
1269 3333 1281 3381 τ
1296 3335 1368 3382 mo-

347 3428 393 3501 do
410 3427 555 3499 ulterior
571 3427 609 3497 in
627 3427 831 3499 citeriorem.

397 3643 568 3716 Sruoms
586 3655 681 3729 sunt,

396 3783 431 3830 a.
459 3760 900 3846 Canonium-infantes
926 3786 988 3833 sua
1014 3772 1137 3855 sponte
1154 3761 1298 3856 aggredi
1317 3788 1369 3834 so-

346 3876 423 3959 lita,
441 3887 477 3948 et
494 3878 581 3949 citra
597 3877 791 3973 periculum
809 3879 847 3949 in
866 3879 1054 3950 sanitatem
1072 3877 1237 3955 desitura.

396 3991 427 4064 b.
455 3993 801 4080 Aenum—adultis
825 3995 964 4081 infesta,
991 4022 1034 4070 ex
1059 3999 1182 4082 causis,
1208 4022 1301 4093 quac
1314 4023 1370 4070 ac-

344 4112 480 4184 tionem
501 4109 769 4209 periatalticam
793 4113 1026 4207 inaequaliter
1054 4115 1216 4198 incitant,
1234 4114 1290 4185 vel
1314 4115 1370 4185 in-

345 4239 512 4304 vertunt:
538 4227 638 4301 illinc
662 4252 741 4323 pars
767 4229 928 4302 intestini
945 4231 1141 4303 ventriculo
1166 4232 1305 4327 propior
1331 4232 1368 4301 in
