3276 5194
352 538 408 588 nn
428 536 651 589 mmsunnu
672 533 811 594 Arous
831 533 1055 586 consecro.
1158 493 1230 591 359

208 716 334 810 spiritu
352 714 503 809 accipit;
531 713 603 784 vita
628 736 699 783 non
726 709 841 781 multo
863 719 984 804 postea
999 710 1231 803 extinguitur.

212 833 401 916 Quomodo
425 842 538 914 nocet,
566 853 701 924 parum,
727 828 782 900 uti
799 829 932 921 opinor,
950 836 1097 900 constat.
1149 827 1234 899 Sine

209 947 316 1020 dubio
333 946 568 1045 ospbpociam,
596 947 675 1017 aere
702 942 930 1027 excludendo,
953 953 1094 1015 movet:
1120 944 1235 1034 absor-

209 1068 333 1138 beatur
359 1079 489 1149 autem,
519 1090 637 1150 necne,
664 1090 707 1136 an
725 1063 894 1136 facultate
910 1062 1073 1134 irritandi
1089 1085 1237 1159 spasmo

212 1185 348 1256 canales
366 1182 539 1279 spiritales
557 1181 726 1265 occludat,
752 1206 823 1252 non
851 1206 913 1277 pro
938 1190 1113 1275 comporto
1128 1177 1234 1251 haben

209 1327 297 1373 mus.
336 1303 532 1374 Pnursrus
550 1300 713 1396 equidem
733 1300 854 1383 eredit,
872 1310 910 1372 at
923 1298 1031 1371 nullis
1048 1298 1235 1370 documen·

209 1420 254 1490 tis
269 1421 490 1514 comprobare
506 1419 646 1501 nititur,
661 1416 725 1488 boc
738 1440 814 1512 gos
828 1417 999 1511 sanguine
1015 1413 1234 1510 inquinando
1323 1468 1325 1471 v

212 1558 345 1604 necare.

208 1826 433 1889 CCCLXXI.
469 1826 533 1888 DE
558 1825 818 1887 MIASMATE
842 1842 955 1888 Arous
980 1820 1233 1883 CONTAGIO.

261 2007 440 2079 Musam
458 2005 592 2078 halitus
615 2017 669 2078 est
695 2008 761 2077 istc
783 2003 979 2099 pestiferos,
1006 2028 1110 2098 quem
1135 2003 1235 2098 palu-

207 2126 279 2210 des,
293 2126 401 2209 lacus,
419 2135 555 2219 stagna,
573 2137 636 2194 aut
654 2148 707 2194 res
724 2135 856 2217 putres,
875 2122 948 2191 sive
967 2147 986 2191 e
1003 2120 1143 2214 plantis,
1162 2122 1234 2191 sive

210 2268 253 2315 ex
271 2242 483 2314 animalibus
501 2240 683 2324 deductae,
698 2240 827 2334 spirare
845 2237 969 2310 solent.
1004 2237 1119 2309 Haud
1137 2239 1234 2333 equi-

208 2360 288 2432 dem
307 2361 401 2432 vitae
428 2357 691 2453 extinguendas
714 2367 839 2452 potens
865 2365 941 2426 est:
967 2354 1233 2451 nequevaletu·

210 2477 287 2548 dini
317 2501 386 2547 non
424 2498 590 2572 perquam
622 2461 805 2544 inimicum
840 2485 917 2556 est3
957 2471 1113 2566 duosque
1141 2483 1235 2543 certe

210 2597 347 2666 morbos
363 2618 495 2690 graves,
514 2617 579 2664 nec
602 2616 678 2663 raro
704 2592 879 2674 exitiosos,
904 2591 1026 2662 affert:
1053 2590 1232 2672 nimirum,

190 2739 193 2743 ·
209 2707 369 2783 Febrem
385 2708 695 2781 Intermr'tteotem
711 2720 818 2803 atque
836 2707 1113 2803 Dpsenteriom.
1209 2726 1213 2731 ’

261 2827 363 2910 Quid
382 2837 444 2899 aut
461 2826 565 2922 quale
582 2826 629 2896 sit
647 2825 808 2908 miosmo,
831 2850 889 2897 me
911 2848 1049 2919 prorsus
1074 2826 1234 2921 ignorare

209 2945 342 3025 fateor;
368 2968 438 3015 non
457 2944 569 3014 solum
588 2943 694 3026 enim,
715 2943 867 3039 gastum
893 2943 1014 3027 instar,
1043 2943 1159 3015 oculos
1183 2943 1234 3014 la-

209 3074 273 3147 tet,
293 3087 413 3134 verum
432 3064 537 3134 etiam
557 3060 681 3134 alienis
698 3062 861 3133 omnibus
877 3060 1065 3146 dissociari,
1082 3085 1234 3133 merum-

210 3206 278 3278 que
307 3179 426 3275 colligi
455 3179 602 3275 nequit:
636 3181 707 3250 imo
730 3205 822 3262 vero,
847 3204 918 3249 non
948 3181 1016 3250 nisi
1046 3182 1235 3276 perspectis

210 3304 285 3395 ejus
305 3299 499 3381 effectibus,
512 3297 551 3368 id
569 3299 683 3391 ipsum
702 3297 852 3369 existere
868 3296 1004 3367 novisse
1020 3295 1113 3368 licet.
1140 3297 1234 3380 Qui.

209 3418 291 3489 dam
310 3440 391 3487 sane
408 3415 500 3486 hanc
514 3439 587 3485 rem
602 3417 799 3508 conjectura
812 3413 985 3507 prosecuti
1003 3423 1107 3483 sunt:
1126 3416 1234 3509 conji-

210 3538 320 3617 ciunt,
339 3535 519 3612 nimirum,
537 3533 687 3603 minemo
712 3557 756 3602 ex
782 3533 894 3602 tribus
921 3530 1060 3602 aeribus
1082 3532 1175 3604 inter
1198 3558 1234 3603 se

211 3654 325 3726 mistis
343 3662 523 3731 constare;
551 3651 587 3721 id
611 3661 674 3732 est,
696 3649 786 3745 gost
811 3646 1041 3743 Irpdrogeoio
1057 3646 1235 3721 corbona·

212 3770 363 3867 tugost
378 3767 610 3866 hydrogeoio
626 3764 859 3864 sulphurato,
885 3778 990 3862 atque
1014 3766 1106 3863 gari
1130 3765 1235 3840 acido

208 3885 412 3960 sorbonico.
467 3884 639 3957 Dubitari
657 3908 738 3955 sane
756 3907 826 3953 non
845 3892 960 3977 potest
978 3884 1064 3977 quin
1081 3887 1157 3981 agri
1174 3910 1235 3979 pa-

209 4005 347 4085 lustres,
374 4014 508 4098 stagna,
540 4001 636 4072 lacus
666 4012 772 4097 atque
805 4011 951 4073 naturae
984 4012 1233 4096 putrescentes,

210 4121 334 4194 haecce
358 4120 544 4192 evolvant:
572 4117 740 4228 sulphure
758 4120 851 4190 enim
870 4128 976 4211 atque
993 4115 1165 4189 corbooio
1180 4109 1234 4188 res
