3342 5208
632 617 828 669 amuranus
846 588 953 667 coni.
1256 607 1301 676 91

338 792 382 876 Β,
399 817 430 864 z.
453 793 685 864 Tareninus
702 810 883 862 nonanus
900 799 954 861 est
970 790 1096 861 vermis
1114 799 1215 875 teres,
1233 794 1305 864 exi-

287 935 387 1005 guus,
413 934 552 1009 corpore
569 911 684 1004 sesqui
704 908 866 1003 pollicem
882 907 999 1003 long0,
1025 906 1204 1004 caudaque
1228 934 1305 1006 per-

286 1031 397 1115 tenui,
424 1028 484 1101 filo
510 1028 566 1101 vel
593 1026 719 1121 capillo
746 1025 864 1109 simili,
891 1027 1105 1098 instructus:
1135 1028 1305 1105 intestino

285 1169 386 1221 coeco
401 1170 564 1242 persaepe
580 1144 744 1217 inclusus.
964 1138 967 1143 ‘

594 1324 868 1404 urantuarroms
885 1361 997 1404 mona,

328 1445 489 1531 Siquidem
504 1446 687 1509 verminatio
710 1468 800 1530 saepe
814 1455 983 1511 atraotoeoa
998 1447 1078 1510 male
1091 1448 1196 1528 hab'et,
1220 1432 1308 1538 signa

283 1574 364 1636 quae
389 1573 503 1637 corpus
528 1551 694 1636 scrophulas
718 1550 919 1633 inquinatum
949 1552 1081 1632 (cxcrx)
1111 1552 1307 1635 denuntiant,

282 1680 345 1720 non
368 1663 446 1721 raro·
463 1642 535 1743 plus
561 1656 703 1719 minusve
724 1666 885 1741 apparent.
930 1657 1008 1719 Huc
1029 1658 1179 1723 accedunt
1201 1675 1309 1726 venter

284 1763 435 1840 tumidus,
456 1761 546 1825 dolor
567 1761 740 1824 abdominis
761 1783 824 1823 non
847 1761 960 1845 quovis
972 1776 1132 1848 premente
1147 1768 1308 1832 exacerbo·
1406 1828 1409 1833 Α

282 1881 353 1944 tus3
377 1868 533 1931 anhelitus
553 1867 744 1952 graveolens,
767 1867 931 1931 ventriculi
953 1868 1082 1947 inflatio,
1102 1871 1192 1935 alvus
1211 1874 1307 1952 varia,

282 1975 529 2063 dejectionesque
549 1973 725 2060 glutinosae
743 1964 779 2038 et
800 1974 958 2038 interdum
980 1986 1133 2040 cruentae.
1178 1982 1308 2045 Praeter

282 2083 369 2161 haec,
390 2105 483 2168 aeger
497 2082 558 2146 cibi
573 2081 667 2145 modo
681 2082 860 2145 fastidiosus
874 2093 931 2160 est,
954 2082 1030 2146 alias
1051 2084 1142 2147 solito
1163 2086 1305 2168 edacior,

282 2188 504 2273 tussiculnque,
529 2187 731 2274 respiratione
754 2186 872 2251 difficili
896 2198 925 2250 et
946 2189 1046 2252 citiori
1071 2212 1160 2276 saepe
1184 2205 1308 2278 torque-

282 2305 353 2369 tur3
378 2305 409 2358 et
422 2295 496 2379 plus
510 2293 651 2356 minusve
666 2293 803 2356 tabescit.

328 2400 423 2485 Signa
437 2399 557 2485 generis
571 2399 693 2461 nervosi
707 2398 882 2483 perturbati
904 2421 1051 2485 persaepe
1064 2403 1223 2479 cruciant3
1248 2407 1307 2483 uti,

283 2503 483 2566 distentiones
507 2525 686 2581 nervorum,
716 2503 825 2589 caligo,
855 2507 1051 2583 assumemur,
1080 2508 1219 2592 pupillae
1244 2533 1308 2573 non

282 2609 353 2672 luce
366 2618 552 2684 contractae,
573 2630 667 2669 nasus
680 2608 834 2692 pruriens,
850 2607 991 2670 dentium
1007 2609 1130 2687 stridor,
1145 2611 1307 2691 febricula,

284 2719 338 2778 &c

327 2822 454 2883 Horum
481 2818 541 2883 alia
565 2818 643 2897 aliis,
670 2834 797 2903 perraro
821 2817 967 2881 omnibus
990 2819 1104 2897 omnia,
1128 2823 1308 2887 verminosis

282 2926 475 3014 contingunt.

326 3034 482 3119 Denique,
505 3033 687 3097 Ascuridem
710 3034 945 3098 sermio-talarem
971 3033 1096 3098 subesse
1119 3035 1231 3101 docent
1257 3040 1309 3102 ani

283 3138 444 3224 pruritus;
473 3139 639 3214 Tuccium,-
654 3137 809 3201 anhelitus
823 3139 935 3215 malus,
951 3138 1048 3216 tabes,
1065 3141 1178 3204 summi
1192 3145 1311 3207 ventris

283 3246 382 3321 dolor,
398 3256 493 3328 atque
507 3265 598 3327 aeger
612 3244 753 3306 ciborum
764 3245 852 3328 justo
866 3244 1061 3329 appetentior
1075 3257 1106 3308 et
1119 3246 1249 3311 edacior.

307 3536 383 3601 cn.
421 3534 656 3605 sorranus
680 3533 790 3597 com
815 3535 879 3597 nn
902 3494 1059 3598 ancrr.
1093 3536 1188 3615 (vide
1203 3541 1287 3623 oc.)

632 3751 830 3804 SCIRRHUS
851 3752 959 3804 COLI.

741 3947 853 3991 arcun.

328 4038 457 4101 Praeter
481 4043 571 4095 notas
595 4032 722 4095 habitus
747 4033 885 4120 corporis
910 4033 985 4096 mali
1009 4037 1125 4099 scirrlti
1154 4039 1311 4126 omnigeni

217 4214 222 4221 ⁴
285 4161 464 4206 communes
480 4139 549 4223 (cc)
565 4137 654 4201 dolor
669 4139 786 4203 ventris
800 4151 939 4226 torquet,
955 4163 1058 4221 urens,
1079 4144 1165 4227 quali
1179 4168 1252 4230 pars
1266 4146 1311 4208 af.

282 4248 332 4312 fici
358 4245 529 4324 consuevit,
553 4245 740 4310 ferramento
765 4258 933 4332 praeacuto
957 4248 1082 4326 violata,
1107 4252 1219 4334 quovis
1242 4273 1312 4336 pre.

282 4366 396 4434 mente,
418 4365 514 4440 atque
527 4353 609 4417 inter
623 4353 829 4419 desidendum
845 4367 969 4433 auctus,
984 4355 1172 4432 diuturnus3
1197 4358 1312 4423 multo
