3326 5188
578 473 634 524 nn
652 471 780 524 Aorno
798 471 993 545 oxnnreo,
1228 456 1300 537 247

271 673 371 721 mum
397 672 441 721 ex
477 647 597 721 libello
632 672 744 744 nuper
769 672 790 721 a
815 646 898 717 viris
932 646 1073 731 eximiis
1089 642 1295 717 Ceutronu-

269 788 375 841 sono
393 777 430 842 et
447 765 672 841 Commune
684 768 782 840 edito
795 766 1052 857 deducuntur:
1064 789 1215 862 quorum
1233 790 1292 837 ex-

211 918 213 925 ’
271 887 478 982 perimente,
504 911 563 959 me
581 885 713 981 judice,
739 883 817 957 lune
839 909 932 956 nova
956 881 1056 956 acidi
1080 878 1217 957 omals'ei
1242 909 1297 956 ac·

271 1006 404 1078 tionem
422 1002 655 1077 illustrarunt.
693 1001 805 1091 (Vide
823 1000 925 1073 “An
943 999 1214 1097 Experimental
1233 1001 1295 1087 In-¹

270 1125 372 1220 quiry
388 1147 434 1195 on
452 1122 650 1218 Poisoning
669 1122 714 1217 by
733 1118 862 1200 Oxalic
878 1119 1008 1206 Aeid''
1024 1122 1070 1216 by
1085 1119 1134 1193 R
1149 1118 1296 1193 Cams-

270 1261 405 1324 nrsou,
427 1240 484 1337 M.-
496 1238 565 1333 D.)
1137 1298 1140 1303 .

264 1560 443 1623 ccrxrr,
479 1561 542 1622 nn
564 1559 719 1623 sreurs
734 1561 885 1625 ncrno
905 1558 1119 1623 oxnrrco
1139 1556 1294 1620 rusus.

313 1660 394 1749 ’Το
416 1686 639 1761 uxorium,
664 1686 826 1764 Anoun
849 1687 966 1750 Posn
987 1682 1198 1749 Moenum
1218 1684 1294 1747 un.

329 1812 510 1876 Pnunrs.
556 1850 568 1875 .,
1087 1804 1116 1837 ··
1284 1798 1289 1807 ’

314 1994 442 2084 Quum
474 1999 723 2092 experimentis
757 1998 934 2072 institutis
969 2005 1112 2095 apparet
1144 1992 1293 2069 aeidum

261 2111 449 2188 erraticum
467 2140 538 2187 non
556 2140 692 2212 semper
708 2115 830 2188 eadem
856 2118 957 2212 signa
976 2117 1203 2212 progignere:
1229 2113 1292 2185 sed

265 2236 344 2328 ejus
358 2213 504 2306 effectus
521 2232 743 2328 aliquantum
761 2232 915 2317 differre
930 2244 1035 2330 prout
1052 2219 1293 2327 ingens-eopia

266 2355 341 2445 ejus
358 2352 497 2435 merari,
527 2364 589 2424 aut
605 2350 731 2424 modus
754 2353 914 2448 exiguus
930 2351 1087 2448 ejusdem
1114 2350 1290 2423 dilutioris

261 2466 494 2542 adhibeatur:
519 2470 558 2541 in
575 2471 694 2541 animo
711 2479 776 2556 est,
794 2472 980 2566 inquirere,
997 2471 1182 2566 imprimis,
1200 2493 1292 2564 quae

219 2620 223 2625 ·
263 2586 357 2658 mala
381 2611 426 2658 ex
450 2586 723 2683 dimidia-parte
745 2589 880 2672 unciae,
907 2589 1189 2669 voluminum,
1216 2610 1288 2657 am-

261 2705 409 2800 pliusve,
422 2729 528 2800 parva
545 2704 644 2800 eopia
661 2728 771 2800 aquae
784 2703 964 2788 dissolute,
977 2715 1015 2777 et
1027 2700 1298 2798 ingesta„enas·'

262 2832 407 2895 cantur:
434 2822 574 2908 deinde,
600 2846 690 2918 quae
707 2824 809 2918 signa
835 2847 879 2895 ex
897 2823 1017 2895 eodem
1037 2846 1174 2893 veneno
1187 2846 1289 2917 pareo

261 2950 299 3012 et
316 2939 474 3014 dilutiori
493 2941 635 3014 admoto
652 2941 819 3014 oriantur.
950 2954 953 2958 '
1129 2990 1134 2995 -

312 3058 363 3132 A.
392 3058 431 3132 Si
448 3059 597 3132 dimidia
613 3084 694 3155 pars
722 3058 816 3150 (vide
833 3087 868 3158 p.
888 3068 921 3132 4.
946 3063 1059 3157 operis
1079 3065 1154 3156 jam
1173 3061 1288 3154 citati)
1319 3064 1323 3069 “

261 3179 385 3250 unciae
408 3175 508 3249 acidi
527 3174 658 3252 oeulici
685 3162 760 3250 unu
787 3180 891 3251 uncia
917 3204 1027 3275 aquae
1053 3176 1223 3253 dissoluta
1249 3181 1287 3250 in

220 3307 223 3314 '
260 3294 495 3366 ventriculum
514 3297 620 3379 canis,
634 3320 696 3389 per
713 3294 867 3368 foramen
895 3306 971 3368 orte
988 3297 1074 3392 gula
1090 3299 1201 3370 ineisa
1217 3297 1286 3369 tre-

261 3411 542 3506 tum,injieitur;
562 3422 599 3484 et
612 3436 677 3507 ope
690 3412 875 3508 ligamenti
894 3414 1088 3487 retinetur:
1107 3415 1287 3509 trigesima

170 3572 172 3579 ·
259 3529 329 3605 fere
346 3541 447 3628 parte
463 3529 569 3603 horae
584 3540 719 3615 exacta,
748 3530 878 3603 animal
904 3531 1117 3626 gravissimis
1134 3530 1287 3602 molimi-
1315 3574 1318 3579 >

261 3651 365 3723 nibus
382 3650 498 3736 editis,
516 3675 655 3723 vomere
673 3651 823 3724 nititur:
850 3650 1031 3746 respiratio
1055 3649 1097 3722 fit
1121 3650 1222 3721 citior
1248 3661 1285 3723 et

257 3768 412 3866 plenior:
435 3769 586 3841 minutis
603 3768 753 3841 sedecim
774 3792 852 3840 eum
872 3768 1013 3841 semisse
1029 3767 1167 3863 elapsis,
1179 3770 1288 3863 respi-

258 3889 350 3962 ratio
366 3888 409 3959 fit
424 3888 549 3973 brevis,
574 3898 610 3961 et
628 3888 778 3961 subinde
795 3913 856 3984 per
874 3899 1053 3965 momenta
1069 3912 1180 3985 paura
1197 3898 1286 3961 tem·

257 4006 350 4104 poris
366 4005 564 4078 interclusa.
592 4006 731 4079 Eodem
751 4017 917 4104 tempore,
935 4017 1042 4102 eaput
1058 4006 1283 4089 demittitur:

259 4123 361 4226 osuli¹
374 4123 467 4197 fiunt
489 4122 657 4211 hebetes3
686 4151 751 4198 nee
769 4151 849 4199 vero
867 4150 987 4199 sensus
1002 4125 1150 4198 deficere
1168 4122 1286 4197 viden-
