3326 5302
389 513 436 584 68
707 530 876 586 ruerus
894 533 1099 589 rneronrs.

435 705 468 780 b.
495 705 885 793 Patronem-ex
901 704 975 781 ullo
996 710 1117 782 morbo
1140 708 1326 806 pulmonis,
1345 711 1406 806 qui

387 823 530 899 cellulas
553 824 727 922 spiritales
743 826 897 913 obturat,
913 827 1020 924 paulo
1037 839 1121 904 ante
1137 841 1285 906 mortem
1309 829 1407 906 futu·

388 967 457 1020 ms.
510 942 675 1039 Spirandi
690 943 880 1019 difficultas
896 945 1053 1019 maxima
1069 954 1132 1020 est.

574 1249 741 1315 nxvrn.
769 1250 1221 1317 Ane1narncron1s.

437 1431 868 1508 Diuersarum-Motus
892 1431 1004 1507 cordis
1025 1434 1120 1507 inter
1143 1433 1407 1521 ambulandum,

387 1565 550 1630 menteve
572 1552 786 1650 perturbata,
804 1551 922 1626 subito
937 1550 1140 1648 impeditus,
1157 1554 1407 1627 comitantibus

387 1671 499 1745 cordis
523 1669 652 1755 dolore,
670 1692 799 1767 angore
823 1668 1091 1767 quaesitissimo,
1108 1670 1300 1766 mortisque
1324 1694 1408 1744 mox

387 1799 556 1863 venturae
571 1796 683 1872 metu,
699 1788 787 1859 citra
804 1785 1073 1883 palpitationem
1090 1796 1128 1861 et
1143 1810 1340 1885 syncopen.

437 1904 578 1977 Causa
612 1901 1067 1976 cosmarus-Fibra
1100 1905 1263 1978 matrices
1296 1905 1409 1979 cordis

387 2044 532 2120 musmo
548 2021 702 2131 affectae

838 2238 950 2283 arnus.

427 2324 557 2410 Angina
576 2322 710 2410 pectoris
731 2322 878 2386 invadere
892 2321 1064 2399 consuevit,
1078 2323 1160 2386 inter
1183 2322 1408 2409 ambulandum

384 2431 434 2494 vel
448 2430 649 2509 currendum,
660 2430 694 2493 in
707 2428 875 2493 acclivibus
889 2427 975 2504 locis,
991 2428 1124 2513 saepius,
1140 2429 1211 2492 cibo
1220 2429 1288 2515 jam
1303 2451 1410 2516 sump-

383 2550 427 2618 to,
442 2549 600 2623 ventoque
614 2535 764 2601 adverso:
788 2533 969 2620 aliquando,
984 2544 1087 2597 mente
1101 2545 1257 2598 commota
1270 2530 1406 2599 accedit:

428 2646 518 2708 Inter
527 2644 614 2723 haec,
629 2665 737 2707 sensus
751 2641 876 2730 angoris
890 2639 1108 2727 quaesitissimi
1122 2640 1204 2705 circa
1217 2642 1408 2728 praecordia,

382 2750 535 2837 dolorque
554 2749 656 2814 cordis
681 2748 875 2835 impatibilis,
890 2747 1058 2834 derepente
1077 2748 1234 2812 hominem
1254 2749 1335 2813 male
1354 2749 1408 2813 ha-

381 2858 470 2935 bant,
483 2866 667 2939 metumque
681 2852 739 2914 fati
749 2853 817 2935 jam
831 2852 975 2913 instantis
989 2852 1169 2926 incutiunt3
1193 2876 1231 2915 eo
1245 2876 1356 2938 usque,
1371 2864 1408 2916 ut

384 2960 490 3024 statim
505 2957 721 3042 conquiescere
735 2965 767 3017 et
781 2953 968 3017 decumbere
981 2965 1121 3040 cogatur.
1165 2955 1266 3019 Dolor
1280 2979 1300 3020 a
1314 2958 1407 3022 corde

381 3088 482 3143 orsus,
498 3063 610 3128 exinde
624 3063 665 3126 ad
680 3082 847 3125 mammam
862 3059 1103 3145 humerumque,
1119 3061 1242 3147 saepius
1256 3062 1354 3142 laeva,
1369 3065 1405 3127 fi.

383 3193 518 3257 nemque
532 3167 665 3232 musculi
676 3165 829 3243 deltoc'dai,
842 3165 955 3251 serpit:
972 3164 1066 3229 modo
1076 3166 1117 3229 ad
1128 3165 1243 3252 digitos
1259 3190 1406 3248 summos,

381 3276 509 3342 brachio
523 3275 616 3338 simul
631 3282 781 3358 torpente.
827 3272 957 3336 Praeter
970 3271 1057 3351 haec,
1072 3273 1208 3337 actiones
1222 3296 1328 3339 omnes
1342 3277 1407 3340 ani-

380 3384 424 3469 mi
447 3393 478 3446 et
502 3379 640 3468 corporis
665 3379 827 3464 languent,
843 3377 951 3441 vultus
976 3376 1040 3440 fere
1065 3379 1172 3464 pallet,
1188 3391 1338 3467 artusque
1352 3381 1405 3445 fri.

380 3500 474 3577 gent:
498 3512 600 3574 neque
614 3510 689 3551 vero
712 3507 765 3549 eor
788 3484 933 3571 palpitat,
950 3496 1005 3549 aut
1029 3507 1162 3571 syncope
1182 3498 1281 3572 urget.
1328 3492 1405 3553 Cor-

380 3618 456 3680 pore
470 3595 656 3680 quiescente,
672 3592 804 3655 accessio
820 3591 898 3653 solvi
913 3590 998 3654 solet.

445 3700 490 3761 N.
503 3699 690 3763 B.-Multi
705 3709 846 3760 auctores
860 3694 1065 3771 contendunt,
1080 3696 1207 3759 arterias
1221 3702 1405 3766 coronarias

531 3807 564 3868 in
572 3828 614 3867 ¹os
628 3826 790 3868 conversas
804 3824 879 3878 esse,
894 3801 984 3886 quasi
998 3801 1132 3864 radicem
1144 3803 1294 3890 Angitiae
1301 3792 1405 3892 pecto-

529 3914 596 3974 ris:
611 3933 691 3996 quos
706 3911 828 3974 inanem
842 3907 1017 3993 opinionem
1033 3907 1186 3989 fefellisse,
1198 3933 1235 3973 eo
1249 3913 1403 3994 existimo,

530 4015 615 4101 quod
629 4015 707 4078 istae
720 4014 850 4077 arteriae
864 4035 926 4076 non
942 4034 1073 4098 semper,
1089 4014 1253 4099 patefactis
1276 4019 1404 4083 cadave-

528 4121 626 4199 ribus,
642 4143 679 4183 eo
693 4119 771 4182 vitio
783 4120 923 4183 laborare
938 4120 1145 4205 reperiuntur.
1180 4122 1274 4201 Quod
1289 4123 1324 4202 si,
1336 4147 1401 4188 om·

529 4227 622 4291 nibus
630 4225 689 4289 hoc
698 4226 808 4289 morbo
815 4225 916 4311 plenis
925 4248 1027 4289 osseae
1037 4237 1148 4304 essent,
1158 4249 1220 4290 non
1229 4228 1401 4313 illioojudi-

529 4357 599 4399 care
613 4333 729 4412 liceret,
740 4332 773 4396 id
782 4332 894 4397 vitium
906 4354 1030 4398 oausam
1042 4355 1106 4396 esse
1117 4333 1324 4397 continentem
1335 4335 1401 4399 An-
