3276 5194
392 549 469 622 346
560 566 813 639 nsmsemns
831 563 1098 623 vsunnrnno
1115 563 1242 621 Arois.
1301 597 1307 603 -

390 741 461 813 tim
478 741 642 813 humanis
667 739 857 824 inhaerere,
883 739 978 834 quod
1003 741 1136 834 eorpori
1160 742 1239 813 vivo
1264 741 1413 817 insitum

390 854 502 951 (quod
518 855 697 929 interdum
715 854 851 928 medico
868 855 1004 939 accidit,-
1021 856 1276 929 interemaver
1292 882 1409 932 semn-

387 971 492 1067 dum)
510 974 669 1045 morbum
687 996 828 1067 gravem
839 982 882 1045 ³et
899 970 1048 1045 subinde
1064 970 1243 1057 lethalem,
1262 974 1350 1073 niet:

457 1089 511 1161 ΙΙ.
555 1088 663 1161 Cibos
698 1088 866 1189 quosdam
908 1097 1029 1183 putres
1067 1097 1204 1160 vorstos
1239 1112 1409 1162 venenare

388 1229 510 1302 posse:

440 1322 517 1395 111.
543 1321 729 1406 Quosdam
753 1320 961 1395 animalium
986 1331 1114 1416 partes,
1139 1319 1229 1395 eitra
1253 1319 1410 1418 putredi-
1527 1376 1533 1387 .

388 1464 482 1522 nem,
496 1437 694 1511 venenandi
707 1436 875 1509 facultate
887 1436 1062 1532 praeditas
1075 1460 1169 1522 esse;
1188 1439 1408 1533 potissimum

384 1564 471 1626 extu
487 1563 595 1647 atque
605 1557 726 1647 jecur:

437 1669 509 1741 IV.
536 1668 682 1741 Morbos
710 1669 832 1752 varios,
859 1669 985 1762 quibus
1015 1669 1182 1741 animalia
1205 1685 1405 1756 enecantur,

320 1866 326 1873 ,
386 1808 521 1859 venena
537 1785 633 1857 intre
648 1783 774 1857 horum
792 1807 932 1877 corpora
947 1768 1081 1879 parire3
1105 1809 1194 1879 quae
1211 1788 1407 1882 corporibus

383 1902 483 1987 vivis,
501 1902 574 1974 sive
589 1901 764 1983 humanis,
782 1902 855 1973 sire
873 1901 1046 2005 belluinis,
1055 1903 1168 1976 'insite
1180 1904 1236 1974 vel
1252 1904 1404 1990 admoto,

380 2016 523 2090 eosdem
539 2018 677 2089 morbos
693 2038 858 2089 renovare
875 2027 1032 2111 possunt.

375 2295 598 2395 cccuvm.
631 2330 695 2394 nn
714 2329 925 2395 Plscrnus
945 2321 1237 2398 vsummuno
1254 2335 1403 2405 Anum
1461 2336 1465 2343 ’

429 2524 550 2610 Quam
572 2522 752 2621 plurimos,
780 2545 946 2596 musmo
973 2544 1104 2598 snum
1131 2526 1277 2624 aliisque
1303 2552 1402 2604 cou-

375 2616 550 2725 cfliruus
580 2643 739 2737 ingestis,
767 2644 877 2741 siguis
904 2645 1117 2738 gravissimis
1146 2657 1182 2717 et
1212 2647 1401 2743 aliqnando

376 2759 570 2832 lethalibus
596 2760 757 2855 opprimi,
783 2761 1006 2833 notissimum
1032 2772 1094 2834 est.
1148 2763 1211 2836 De
1228 2765 1334 2862 hujus
1350 2772 1400 2841 rei

341 2961 342 2964 Ἴ
374 2860 481 2951 nausa
498 2871 623 2974 poium
640 2879 734 2950 inter
749 2878 901 2952 medicos
918 2882 1090 2952 convenit.
1124 2880 1207 2954 Alii
1225 2908 1398 2961 venenum

372 2998 431 3069 sui
448 2995 562 3068 simile
580 2996 644 3067 hos
662 2995 762 3065 edere
779 2996 924 3067 effeetus
937 2997 1175 3070 contendunt:
1201 3000 1262 3072 alii
1280 3015 1401 3076 contra

375 3112 514 3185 eosdem
529 3134 709 3205 corporum
722 3112 993 3205 proprietatibus
1011 3115 1194 3188 tribuunt:
1221 3117 1399 3193 affirmant

370 3226 508 3300 scilicet
533 3226 654 3298 eadem
683 3229 760 3323 ipsa
785 3226 987 3322 conchylia,
1001 3254 1091 3324 quae
1107 3233 1232 3305 multis
1248 3235 1399 3308 innocua

370 3356 468 3431 sunt,
500 3343 590 3427 aliis,
621 3347 665 3417 ob
695 3346 844 3440 eorporis
873 3345 1027 3417 indolem
1045 3349 1231 3443 propriam,
1262 3376 1394 3424 nocere.

373 3462 498 3534 Multa
524 3485 568 3532 ex
593 3472 742 3556 utraque
766 3470 867 3555 parte
883 3461 1073 3555 praedicari
1092 3475 1246 3558 possunt.
1297 3467 1398 3539 Non‘-

371 3579 488 3652 nullos
515 3589 634 3650 tamen
659 3580 770 3674 pisces
796 3602 932 3650 venena
955 3581 1094 3674 propria
1119 3579 1396 3677 habere,‘proba·

369 3698 442 3769 bile
472 3708 546 3770 est:
573 3721 613 3768 eo
640 3695 734 3790 quod
763 3720 883 3767 omnes
911 3694 993 3780 fere,
1021 3698 1082 3790 qui
1110 3722 1167 3769 eos
1196 3698 1394 3786 comedunt,

261 3877 264 3882 .
367 3815 482 3908 signis
511 3811 614 3886 malis
642 3813 837 3915 implicant.
880 3812 965 3886 Non
983 3837 1066 3885 sane
1082 3814 1312 3907 inficiandum
1331 3827 1394 3904 est,

368 3929 458 4025 quin
475 3928 593 4021 aliqua
610 3928 870 4024 conchyliorum
888 3931 1032 4001 venenis
1049 3955 1158 4003 vanua
1175 3932 1269 4017 sint;
1289 3934 1395 4028 siqui-

368 4046 453 4119 dem
468 4042 627 4140 plerique
644 4046 789 4138 impune
805 4047 849 4116 iis
866 4058 1076 4133 vescuntur3
1104 4058 1140 4119 et
1158 4051 1322 4143 perpauci
1343 4075 1395 4122 so-

370 4161 552 4237 lummodo
568 4161 697 4234 eximle
714 4160 953 4235 valetudinem
970 4167 1241 4258 perturbantur.-
