3326 5188
318 572 375 632 na
394 576 528 632 s1cn1s
547 576 774 632 cananeus
793 574 1148 665 sussuranensis.
1201 562 1277 643 239

231 818 234 822 .
255 764 326 852 get.
378 753 590 826 Membrana
606 755 675 826 oris
690 753 781 826 flava
805 764 877 838 est,'
896 763 959 826 aut
981 752 1167 827 subalbida
1181 754 1273 837 ;1hie

254 873 327 945 illic
343 871 471 944 deficit.
495 900 498 905 ·
524 872 798 944 Denteslaxati
814 872 886 944 fere
900 862 1103 946 flavescunt.
1155 871 1275 945 Mern-

253 992 361 1062 brana
380 987 606 1085 plsaryagia
620 1010 766 1061 mucosa
788 990 939 1062 eundem
961 991 1028 1062 sibi
1049 988 1204 1085 praefert
1221 1015 1277 1064 co-

238 1107 389 1195 =loremr
412 1107 471 1178 vel'
496 1106 676 1179 interdurn
708 1109 879 1179 subrubra
908 1118 971 1179 est.
1032 1105 1168 1178 Galam
1197 1108 1277 1188 uni-

253 1249 389 1297 versam
422 1224 568 1298 obducit
599 1225 716 1330 sordes
731 1225 835 1298 ‘flava
868 1237 904 1299 et
929 1225 1072 1310 riscida,
1103 1240 1276 1320 quaeest

255 1344 457 1415 membrana
469 1343 599 1416 innma
612 1364 740 1416 acmo
758 1364 931 1416 muruco
948 1344 1105 1417 denota
1149 1343 1274 1418 Caete-

255 1480 315 1531 rae
341 1460 691 1555 gulae·:membranae
704 1459 832 1532 ¹bissae
857 1474 950 1545 sunt·
976 1463 1022 1533 ob
1042 1485 1198 1534 cruorem
1220 1461 1276 1534 fu·
1320 1508 1322 1512 -

257 1601 345 1649 sarm.
370 1608 372 1615 ⁴
401 1608 404 1614 ·

305 1693 548 1779 Ventriculus
571 1694 643 1765 nisi
659 1716 836 1766 venenum
858 1696 1079 1767 'membranas
1105 1699 1182 1790 ejus
1204 1721 1276 1769 om·

256 1810 514 1895 nesexederit,
538 1835 649 1905 aequo
671 1811 838 1906 grandior
859 1823 1027 1908 apparet:
1053 1815 1277 1887 membranae

256 1927 571 1999 exteriores‘nutas
596 1926 885 1999 inflammationis
910 1929 1067 2002 mitiores
1083 1928 1276 2015 exhibent;

254 2044 448 2138 praecipue,
474 2045 562 2115 circa
584 2040 770 2138 pastorum.
833 2042 944 2127 Quod
959 2043 1005 2115 ad
1022 2045 1182 2132 colorem,
1202 2072 1277 2121 me-

256 2158 335 2230 dius
352 2169 406 2231 est
421 2159 516 2231 inter
530 2158 681 2230 lividum
699 2170 736 2229 et
751 2158 1014 2244 flavo-viridem,
1027 2158 1086 2232 bic
1097 2162 1171 2234 illic
1183 2187 1278 2257 spar-

256 2280 303 2351 sis
332 2276 485 2347 macnlis-
506 2299 706 2370 gangraena
731 2275 830 2347 ortis.
881 2275 1114 2349 Ventriculus
1140 2290 1278 2374 praeter

255 2405 419 2465 naturam
447 2391 607 2485 partibus
635 2391 760 2464 vicinis
788 2391 1005 2488 agglutinari
1039 2395 1275 2491 conspicitur;

257 2512 388 2584 scilicet
414 2521 512 2604 septo
537 2521 741 2594 transverso,
765 2512 924 2603 jecinori,
953 2511 1039 2598 coto,
1065 2517 1127 2586 &c
1179 2516 1278 2590 Vasa

256 2633 333 2725 ejus
361 2652 491 2700 cruore·
507 2637 586 2699 atro
613 2640 653 2699 et
677 2638 795 2700 coacto
819 2627 924 2723 plena
946 2643 1038 2702 sunt.
1090 2630 1278 2715 Quaedam

257 2744 588 2839 ventriculi-partes
615 2743 702 2815 adeo
724 2754 808 2816 sunt
835 2754 975 2817 tenerae
1001 2756 1044 2819 ut
1067 2747 1138 2821 levi
1166 2753 1278 2823 tactui

257 2863 395 2949 cedant·
420 2872 547 2958 sponte
567 2885 633 2934 sua
655 2862 918 2958 dirumpendae.
968 2863 1111 2940 Notatu
1128 2868 1278 2966 dignum

256 2992 310 3055 est
326 2983 415 3054 aeris
431 2980 585 3052 multum
603 2979 839 3053 ventriculum
857 2978 1081 3070 distendere;
1101 2986 1207 3081 ,quod
1221 3013 1277 3059 eo-

256 3099 337 3173 dem
347 3122 448 3171 nares
459 3096 562 3169 odore
573 3095 732 3181 offendit,
740 3120 809 3191 quo
819 3097 1178 3194 amygdaliamurae
1188 3101 1280 3177 fruc-
1406 3105 1408 3111 ’

256 3227 325 3301 tus,
349 3215 405 3287 vel
433 3212 578 3285 acidum
607 3212 929 3310 hydrocpunicum.
981 3217 1146 3292 Multum
1177 3247 1279 3318 porro

119 3410 125 3425 Ι,
203 3421 207 3435 ¹
256 3333 306 3403 rei
332 3330 442 3401 flavae
467 3337 572 3398 antea
596 3327 727 3399 relatae
743 3331 939 3402 ventriculo
955 3332 1072 3405 inest:
1100 3340 1199 3431 cujus
1224 3364 1278 3410 ar-

257 3473 320 3521 cus
346 3448 458 3539 major
481 3442 627 3515 maculis
649 3442 810 3515 foedatur
828 3447 949 3542 nigris.
999 3449 1131 3546 Rugae
1147 3457 1279 3525 ventri·

257 3566 328 3639 culi
354 3563 471 3663 fuscae
494 3570 588 3646 sunt,
615 3571 651 3634 et
669 3561 857 3634 admodum
876 3564 1009 3638 molles.
1035 3567 1278 3643 ,Intestinum

257 3685 376 3757 amnia
392 3683 480 3754 vitia
490 3683 567 3775 jam
584 3690 788 3765 memorata,
804 3691 842 3753 at
857 3682 1009 3769 mitiora,
1026 3681 1143 3759 habet.
1179 3687 1280 3777 Quo-

143 3788 148 3794 *
258 3800 327 3872 ties
343 3795 557 3871 ventriculus
574 3793 746 3869 foramina
763 3797 829 3867 sibi
846 3796 1007 3892 praefert,
1035 3801 1078 3872 ob
1095 3801 1278 3898 ingentem

258 3912 358 3987 acidi
373 3914 507 4007 copiam
526 3923 715 4009 sumptam,
740 3913 849 3986 moles
866 3918 941 4009 ejus
958 3916 1029 3990 fere
1046 3919 1275 3995 contrahitur.

259 4031 364 4103 Haec
380 4029 551 4101 foramina
567 4032 695 4126 exigua
712 4041 805 4117 sunt,
822 4043 859 4103 et
877 4033 1021 4108 circulos
1037 4037 1151 4133 figura
1172 4041 1278 4111 simu-

258 4148 348 4232 lant,
369 4146 586 4241 marginibus
612 4149 825 4221 tenuissimis
850 4150 1033 4251 instructa.
1086 4154 1205 4245 Urina
1222 4179 1281 4228 ve·
1318 4161 1322 4167 '

257 4262 487 4370 92929„„‘19³.⁸b
509 4264 575 4335 etsi
601 4260 705 4337 horno
729 4289 800 4337 non
817 4291 895 4339 eam
918 4269 1137 4350 excreverit„
1169 4270 1281 4357 Quod
