3326 5188
378 563 450 638 9138
512 584 568 637 nn
588 579 726 649 smnus
740 580 967 638 canaonas
986 580 1342 663 sucuo'aaraanrs.

378 761 482 833 affert
504 767 666 843 mortem,
693 756 756 831 sed
783 766 863 852 post
886 756 1022 852 aliquot
1038 757 1113 833 dies
1130 767 1273 841 enecat;
1298 759 1400 854 signa

376 902 467 973 pene
498 876 623 951 eadem
656 886 858 961 nascuntur,
883 886 933 948 ut
962 877 1112 950 mitiora.
1165 875 1293 972 Neque
1318 901 1400 950 vero

377 995 444 1069 hoc
469 1005 679 1092 perpetuum
704 1003 783 1068 est:
806 994 986 1068 interdum
1003 996 1097 1069 enim
1115 994 1240 1068 modus
1256 995 1399 1090 amplis-

377 1113 486 1186 simus
497 1111 616 1185 subito
629 1120 742 1195 necat,
757 1110 845 1185 citra
861 1135 1003 1205 gravem
1020 1100 1196 1195 dolorem3
1214 1123 1250 1184 et
1266 1111 1396 1184 fabrica

376 1222 565 1304 ventricuii
580 1229 795 1302 ort-intestini
812 1236 957 1325 repente
969 1229 1132 1305 dimitur.
1164 1230 1310 1315 Contra,
1323 1255 1398 1303 mo·

375 1348 444 1422 dus
461 1350 610 1445 exiguus
626 1346 781 1420 dolorem
798 1347 947 1421 subinde
970 1350 1240 1435 acerbissimum,
1267 1366 1304 1422 et
1328 1349 1398 1421 alia

375 1466 470 1539 mala
493 1466 708 1563 gravissima,
726 1466 854 1538 cievit:
870 1464 1024 1553 'tandem
1041 1465 1168 1563 elapsis
1184 1466 1308 1539 multis
1324 1465 1411 1538 die..

374 1586 440 1658 bus
457 1586 513 1658 vel
537 1583 779 1669 hebdomadis,
802 1585 1006 1659 membrana
1029 1586 1158 1657 intima
1180 1596 1317 1661 meatus
1334 1585 1397 1657 ali-

374 1705 488 1779 menti
513 1703 653 1777 divulsa
677 1703 897 1795 pedetentim
922 1703 1078 1786 deciditt
1106 1714 1143 1776 et
1158 1703 1285 1776 infelix
1299 1703 1397 1779 lenta

375 1825 457 1896 tabe
473 1820 651 1896 confectus
668 1823 777 1894 serius
793 1846 898 1918 ocyus
915 1823 1122 1896 absumitur.

425 1939 597 2025 Quidam,
613 1938 680 2011 hoc
697 1963 831 2010 veneno
846 1941 982 2037 parcius
999 1950 1150 2036 sumpto,
1175 1952 1212 2015 et
1234 1942 1397 2016 remediis

374 2059 509 2132 idoneis
536 2058 716 2139 concessis,
747 2082 818 2129 non
846 2069 1017 2151 pereunt3
1043 2084 1107 2132 nec
1129 2060 1235 2133 simul
1256 2085 1395 2156 prorsus

375 2177 615 2250 revalesount:
647 2175 704 2247 Hi
730 2175 901 2270 reliquam
919 2179 1012 2250 vitae
1039 2189 1174 2275 partem
1190 2179 1395 2252 valetudine

374 2307 528 2368 utuntur
551 2295 714 2367 infirma:
749 2293 813 2366 diu
836 2295 990 2368 dolorem
1019 2298 1125 2393 gulae
1149 2300 1394 2374 etventriculi
1458 2325 1462 2332 ·

374 2415 472 2510 queri
489 2437 559 2484 non
577 2402 763 2484 desinunt}
789 2412 887 2485 alvus
905 2413 1103 2488 tardissima
1119 2428 1194 2489 est:
1222 2419 1395 2489 ventricu-

373 2533 430 2604 lus
453 2530 635 2604 irritabilis
660 2528 762 2602 facile
786 2530 832 2601 ad
848 2532 1062 2604 vomendum
1086 2535 1207 2618 cietur,
1233 2559 1298 2607 neo
1323 2536 1393 2607 nisi

374 2649 467 2722 cibos
483 2646 630 2721 blandos
646 2647 796 2719 retinere
817 2659 880 2718 aut
900 2672 1111 2744 concoquere
1128 2660 1253 2745 potest.
1305 2652 1392 2724 Per-

260 2788 265 2793 ·
373 2792 460 2854 raro,
476 2765 543 2838 hoc
559 2790 693 2839 veneno
710 2777 862 2861 sumpto,
880 2766 1045 2839 valetudo
1061 2769 1199 2864 integra
1215 2769 1316 2853 redit.

434 3130 593 3197 CCLIII.
616 3133 681 3195 DE
705 3131 858 3196 SIGNIS
882 3132 1139 3197 CADAVERE
1163 3134 1312 3197 SECTO

757 3258 1003 3363 REPERTuS.
1039 3261 1043 3266 ’
1159 3247 1162 3253 ’

421 3440 523 3529 Quos
538 3463 706 3516 Aornum
724 3461 964 3514 urauurcum
979 3442 1050 3515 cito
1062 3443 1214 3527 enecuit,
1227 3444 1283 3516 his
1297 3470 1390 3517 sum-

371 3587 430 3636 ma
446 3561 538 3634 eutis
554 3561 695 3657 integra
711 3558 847 3631 nullam
867 3559 1103 3632 mutationem
1120 3560 1292 3661 vitiosam,
1308 3563 1390 3637 ‚imo

368 3702 450 3753 vero
467 3680 525 3752 vix
543 3690 645 3752 notas
667 3676 875 3773 putredinis
901 3678 967 3750 sibi
990 3677 1163 3775 praefert;
1189 3687 1227 3751 at
1243 3680 1336 3751 nitet
1353 3691 1389 3752 et
1491 3762 1495 3767 ,

368 3795 475 3890 gibba
501 3806 565 3880 est,
592 3793 688 3867 haud
712 3820 809 3868 secus
835 3806 943 3890 atque
967 3795 1110 3868 homine
1130 3800 1206 3892 jam
1224 3796 1389 3892 spirante.

369 3911 491 3984 Labra
507 3924 693 3986 auresount
710 3914 790 4010 plus
807 3915 991 3986 minusve:
1017 3913 1196 3987 interdurn
1220 3940 1391 3988 manuum

368 4028 474 4126 digiti
491 4028 637 4101 maculis
654 4032 768 4103 aureis
784 4030 980 4115 foedantur,
1003 4057 1044 4104 eo
1061 4032 1156 4128 quod
1171 4031 1319 4106 amdam
1336 4037 1389 4107 in·

367 4157 507 4241 gastum
533 4171 590 4219 eos
614 4147 713 4242 prius
728 4147 874 4220 fortuito
891 4149 1060 4245 tetigerit.
1112 4150 1277 4224 Humor'e
1295 4157 1390 4249 'ejus-

351 4263 448 4335 dem
466 4264 586 4337 coloris
603 4290 640 4337 os
658 4275 694 4336 et
711 4289 810 4337 nares
828 4276 986 4351 scatent3
1013 4268 1184 4341 abdomen
1212 4277 1290 4342 aere
1316 4282 1389 4345 tur·

1644 680 1646 785 t
