<?xml version="1.0" encoding="UTF-8"?>
<!DOCTYPE html PUBLIC "-//W3C//DTD XHTML 1.0 Transitional//EN"
    "http://www.w3.org/TR/xhtml1/DTD/xhtml1-transitional.dtd">
<html xmlns="http://www.w3.org/1999/xhtml" xml:lang="en" lang="en">
 <head>
  <title>
</title>
<meta http-equiv="Content-Type" content="text/html;charset=utf-8" />
  <meta name='ocr-system' content='tesseract 3.04.00' />
  <meta name='ocr-capabilities' content='ocr_page ocr_carea ocr_par ocr_line ocrx_word'/>
</head>
<body>
  <div class='ocr_page' id='page_1' title='image "./morborumdefinit01hawlgoog_0269.png"; bbox 0 0 3326 5188; ppageno 0'>
   <div class='ocr_carea' id='block_1_1' title="bbox 251 601 1035 674">
    <p class='ocr_par' dir='ltr' id='par_1_1' title="bbox 251 601 1035 674">
     <span class='ocr_line' id='line_1_1' title="bbox 251 601 1035 674; baseline -0.004 0"><span class='ocrx_word' id='word_1_1' title='bbox 251 607 253 612; x_wconf 83' lang='grc'><strong>’</strong></span> <span class='ocrx_word' id='word_1_2' title='bbox 325 623 329 626; x_wconf 66' lang='grc'><strong><em>’</em></strong></span> <span class='ocrx_word' id='word_1_3' title='bbox 391 601 473 674; x_wconf 64' lang='lat'>‘256</span> <span class='ocrx_word' id='word_1_4' title='bbox 773 621 829 672; x_wconf 84' lang='lat' dir='ltr'>nn</span> <span class='ocrx_word' id='word_1_5' title='bbox 849 621 1035 673; x_wconf 76' lang='lat' dir='ltr'>nonussu.</span> 
     </span>
    </p>
   </div>
   <div class='ocr_carea' id='block_1_2' title="bbox 418 869 1400 1093">
    <p class='ocr_par' dir='ltr' id='par_1_2' title="bbox 418 869 1400 1093">
     <span class='ocr_line' id='line_1_2' title="bbox 418 869 1400 971; baseline 0.002 -15"><span class='ocrx_word' id='word_1_6' title='bbox 418 893 612 965; x_wconf 81' lang='lat' dir='ltr'><strong>CCLXIX.</strong></span> <span class='ocrx_word' id='word_1_7' title='bbox 644 894 708 956; x_wconf 87' lang='lat' dir='ltr'>DE</span> <span class='ocrx_word' id='word_1_8' title='bbox 732 869 953 957; x_wconf 57' lang='lat' dir='ltr'>POTASSAT</span> <span class='ocrx_word' id='word_1_9' title='bbox 968 887 1261 971; x_wconf 82' lang='lat' dir='ltr'>SALIBUSQUE</span> <span class='ocrx_word' id='word_1_10' title='bbox 1285 894 1400 961; x_wconf 83' lang='lat' dir='ltr'>EJUS</span> 
     </span>
     <span class='ocr_line' id='line_1_3' title="bbox 605 1017 1221 1093; baseline -0.005 -12"><span class='ocrx_word' id='word_1_11' title='bbox 605 1018 885 1083; x_wconf 84' lang='lat' dir='ltr'>VENENANDI</span> <span class='ocrx_word' id='word_1_12' title='bbox 909 1017 1221 1093; x_wconf 85' lang='lat' dir='ltr'><strong>POTENTIBUS.</strong></span> 
     </span>
    </p>
   </div>
   <div class='ocr_carea' id='block_1_3' title="bbox 378 1203 1423 2126">
    <p class='ocr_par' dir='ltr' id='par_1_3' title="bbox 384 1203 1422 1511">
     <span class='ocr_line' id='line_1_4' title="bbox 448 1203 1422 1302; baseline 0.001 -27"><span class='ocrx_word' id='word_1_13' title='bbox 448 1203 573 1290; x_wconf 86' lang='lat' dir='ltr'>Quum</span> <span class='ocrx_word' id='word_1_14' title='bbox 592 1223 769 1274; x_wconf 75' lang='lat' dir='ltr'>Ponussu</span> <span class='ocrx_word' id='word_1_15' title='bbox 785 1226 921 1287; x_wconf 81' lang='lat' dir='ltr'>meraca</span> <span class='ocrx_word' id='word_1_16' title='bbox 938 1216 974 1274; x_wconf 89' lang='lat' dir='ltr'>et</span> <span class='ocrx_word' id='word_1_17' title='bbox 993 1214 1154 1302; x_wconf 79' lang='lat' dir='ltr'>concretu</span> <span class='ocrx_word' id='word_1_18' title='bbox 1177 1228 1254 1275; x_wconf 85' lang='lat' dir='ltr'><strong>raro</strong></span> <span class='ocrx_word' id='word_1_19' title='bbox 1277 1226 1422 1298; x_wconf 84' lang='lat' dir='ltr'>usurpa·</span> 
     </span>
     <span class='ocr_line' id='line_1_5' title="bbox 400 1320 1422 1419; baseline 0 -25"><span class='ocrx_word' id='word_1_20' title='bbox 400 1338 469 1407; x_wconf 87' lang='lat' dir='ltr'>tur,</span> <span class='ocrx_word' id='word_1_21' title='bbox 498 1346 609 1419; x_wconf 83' lang='lat' dir='ltr'>pauca</span> <span class='ocrx_word' id='word_1_22' title='bbox 636 1320 798 1416; x_wconf 84' lang='lat' dir='ltr'>exempla</span> <span class='ocrx_word' id='word_1_23' title='bbox 826 1323 1012 1416; x_wconf 88' lang='lat' dir='ltr'>potestatis</span> <span class='ocrx_word' id='word_1_24' title='bbox 1030 1324 1107 1415; x_wconf 86' lang='lat' dir='ltr'>ejus</span> <span class='ocrx_word' id='word_1_25' title='bbox 1124 1323 1293 1395; x_wconf 79' lang='lat' dir='ltr'>exitiosae</span> <span class='ocrx_word' id='word_1_26' title='bbox 1309 1321 1422 1395; x_wconf 88' lang='lat' dir='ltr'>literis</span> 
     </span>
     <span class='ocr_line' id='line_1_6' title="bbox 384 1426 889 1511; baseline -0.004 0"><span class='ocrx_word' id='word_1_27' title='bbox 384 1426 648 1511; x_wconf 63' lang='lat' dir='ltr'>mandentum*</span> <span class='ocrx_word' id='word_1_28' title='bbox 886 1446 889 1451; x_wconf 74' lang='grc'><strong><em>’</em></strong></span> 
     </span>
    </p>

    <p class='ocr_par' dir='ltr' id='par_1_4' title="bbox 378 1542 1423 2126">
     <span class='ocr_line' id='line_1_7' title="bbox 386 1542 1423 1652; baseline 0.001 -24"><span class='ocrx_word' id='word_1_29' title='bbox 386 1542 389 1549; x_wconf 54' lang='grc'>’</span> <span class='ocrx_word' id='word_1_30' title='bbox 449 1557 616 1636; x_wconf 76' lang='lat' dir='ltr'>Lienon</span> <span class='ocrx_word' id='word_1_31' title='bbox 634 1575 850 1640; x_wconf 68' lang='lat' dir='ltr'>eonAssAn</span> <span class='ocrx_word' id='word_1_32' title='bbox 875 1556 914 1627; x_wconf 90' lang='lat' dir='ltr'>id</span> <span class='ocrx_word' id='word_1_33' title='bbox 939 1566 1003 1640; x_wconf 89' lang='lat' dir='ltr'>est,</span> <span class='ocrx_word' id='word_1_34' title='bbox 1028 1581 1118 1652; x_wconf 83' lang='lat' dir='ltr'>aqua</span> <span class='ocrx_word' id='word_1_35' title='bbox 1136 1577 1310 1629; x_wconf 75' lang='lat' dir='ltr'>nousssu</span> <span class='ocrx_word' id='word_1_36' title='bbox 1328 1542 1423 1630; x_wconf 86' lang='lat' dir='ltr'>satu-</span> 
     </span>
     <span class='ocr_line' id='line_1_8' title="bbox 398 1673 1423 1771; baseline 0 -23"><span class='ocrx_word' id='word_1_37' title='bbox 398 1702 446 1761; x_wconf 83' lang='lat' dir='ltr'>ra,</span> <span class='ocrx_word' id='word_1_38' title='bbox 464 1674 581 1747; x_wconf 86' lang='lat' dir='ltr'>multu</span> <span class='ocrx_word' id='word_1_39' title='bbox 598 1673 817 1770; x_wconf 86' lang='lat' dir='ltr'>frequentius</span> <span class='ocrx_word' id='word_1_40' title='bbox 846 1699 909 1770; x_wconf 85' lang='lat' dir='ltr'>pro</span> <span class='ocrx_word' id='word_1_41' title='bbox 927 1699 1063 1746; x_wconf 89' lang='lat' dir='ltr'>veneno</span> <span class='ocrx_word' id='word_1_42' title='bbox 1092 1676 1288 1771; x_wconf 60' lang='lat' dir='ltr'>ingenitum</span> <span class='ocrx_word' id='word_1_43' title='bbox 1315 1677 1423 1771; x_wconf 88' lang='lat' dir='ltr'>siqui-</span> 
     </span>
     <span class='ocr_line' id='line_1_9' title="bbox 378 1791 1420 1879; baseline -0.002 -12"><span class='ocrx_word' id='word_1_44' title='bbox 378 1811 382 1818; x_wconf 88' lang='grc'><em>“</em></span> <span class='ocrx_word' id='word_1_45' title='bbox 400 1795 481 1867; x_wconf 92' lang='lat' dir='ltr'>dem</span> <span class='ocrx_word' id='word_1_46' title='bbox 498 1794 648 1879; x_wconf 85' lang='lat' dir='ltr'>artifices</span> <span class='ocrx_word' id='word_1_47' title='bbox 665 1792 787 1866; x_wconf 86' lang='lat' dir='ltr'>eadem</span> <span class='ocrx_word' id='word_1_48' title='bbox 805 1793 843 1863; x_wconf 92' lang='lat' dir='ltr'>in</span> <span class='ocrx_word' id='word_1_49' title='bbox 863 1812 1022 1864; x_wconf 73' lang='lat' dir='ltr'>suenus:</span> <span class='ocrx_word' id='word_1_50' title='bbox 1041 1791 1243 1866; x_wconf 83' lang='lat' dir='ltr'>fabricando</span> <span class='ocrx_word' id='word_1_51' title='bbox 1258 1803 1420 1867; x_wconf 87' lang='lat' dir='ltr'>utuntur.</span> 
     </span>
     <span class='ocr_line' id='line_1_10' title="bbox 386 1902 1423 2010; baseline 0.001 -25"><span class='ocrx_word' id='word_1_52' title='bbox 386 1902 605 2008; x_wconf 57' lang='lat' dir='ltr'>&#39;Praeparari</span> <span class='ocrx_word' id='word_1_53' title='bbox 623 1911 721 2002; x_wconf 88' lang='lat' dir='ltr'>solet,</span> <span class='ocrx_word' id='word_1_54' title='bbox 739 1909 831 1983; x_wconf 81' lang='lat' dir='ltr'>ealce</span> <span class='ocrx_word' id='word_1_55' title='bbox 848 1936 959 2006; x_wconf 86' lang='lat' dir='ltr'>aquae</span> <span class='ocrx_word' id='word_1_56' title='bbox 972 1907 1238 1986; x_wconf 80' lang='lat' dir='ltr'>subcurbouate</span> <span class='ocrx_word' id='word_1_57' title='bbox 1247 1920 1423 2010; x_wconf 70' lang='lat' dir='ltr'>potasset</span> 
     </span>
     <span class='ocr_line' id='line_1_11' title="bbox 399 2026 1422 2126; baseline 0.005 -27"><span class='ocrx_word' id='word_1_58' title='bbox 399 2031 558 2102; x_wconf 82' lang='lat' dir='ltr'><strong>imbutae</strong></span> <span class='ocrx_word' id='word_1_59' title='bbox 575 2027 781 2124; x_wconf 85' lang='lat' dir='ltr'>adjicienda.</span> <span class='ocrx_word' id='word_1_60' title='bbox 819 2026 896 2100; x_wconf 88' lang='lat' dir='ltr'>Hic</span> <span class='ocrx_word' id='word_1_61' title='bbox 912 2029 1027 2124; x_wconf 87' lang='lat' dir='ltr'>liquor</span> <span class='ocrx_word' id='word_1_62' title='bbox 1044 2028 1241 2126; x_wconf 88' lang='lat' dir='ltr'>pellucidus</span> <span class='ocrx_word' id='word_1_63' title='bbox 1257 2042 1321 2116; x_wconf 85' lang='lat' dir='ltr'>est,</span> <span class='ocrx_word' id='word_1_64' title='bbox 1339 2031 1422 2104; x_wconf 90' lang='lat' dir='ltr'>den-</span> 
     </span>
    </p>
   </div>
   <div class='ocr_carea' id='block_1_4' title="bbox 401 2144 1431 2246">
    <p class='ocr_par' dir='ltr' id='par_1_5' title="bbox 401 2144 1431 2246">
     <span class='ocr_line' id='line_1_12' title="bbox 401 2144 1431 2246; baseline 0.006 -27"><span class='ocrx_word' id='word_1_65' title='bbox 401 2171 477 2228; x_wconf 76' lang='lat' dir='ltr'>sus:</span> <span class='ocrx_word' id='word_1_66' title='bbox 496 2145 688 2241; x_wconf 84' lang='lat' dir='ltr'>digitisque</span> <span class='ocrx_word' id='word_1_67' title='bbox 700 2144 875 2229; x_wconf 86' lang='lat' dir='ltr'>admotus,</span> <span class='ocrx_word' id='word_1_68' title='bbox 889 2147 1040 2220; x_wconf 89' lang='lat' dir='ltr'>eundem</span> <span class='ocrx_word' id='word_1_69' title='bbox 1053 2172 1144 2245; x_wconf 86' lang='lat' dir='ltr'>pene</span> <span class='ocrx_word' id='word_1_70' title='bbox 1157 2173 1308 2235; x_wconf 88' lang='lat' dir='ltr'>sensum,</span> <span class='ocrx_word' id='word_1_71' title='bbox 1319 2175 1431 2246; x_wconf 66' lang='lat' dir='ltr'>quem,</span> 
     </span>
    </p>
   </div>
   <div class='ocr_carea' id='block_1_5' title="bbox 399 2266 1423 2836">
    <p class='ocr_par' dir='ltr' id='par_1_6' title="bbox 402 2266 681 2361">
     <span class='ocr_line' id='line_1_13' title="bbox 402 2266 681 2361; baseline -0.007 -23"><span class='ocrx_word' id='word_1_72' title='bbox 402 2285 510 2350; x_wconf 77' lang='lat' dir='ltr'>suen,</span> <span class='ocrx_word' id='word_1_73' title='bbox 528 2266 681 2361; x_wconf 84' lang='lat' dir='ltr'><strong>praebet.</strong></span> 
     </span>
    </p>

    <p class='ocr_par' dir='ltr' id='par_1_7' title="bbox 399 2385 1423 2836">
     <span class='ocr_line' id='line_1_14' title="bbox 452 2385 1422 2482; baseline 0.003 -25"><span class='ocrx_word' id='word_1_74' title='bbox 452 2385 766 2457; x_wconf 74' lang='lat' dir='ltr'>Suu-cuunouns</span> <span class='ocrx_word' id='word_1_75' title='bbox 797 2404 1000 2458; x_wconf 71' lang='lat' dir='ltr'>Ponusssn</span> <span class='ocrx_word' id='word_1_76' title='bbox 1029 2387 1162 2482; x_wconf 82' lang='lat' dir='ltr'>duplici</span> <span class='ocrx_word' id='word_1_77' title='bbox 1186 2389 1322 2462; x_wconf 82' lang='lat' dir='ltr'>ratione</span> <span class='ocrx_word' id='word_1_78' title='bbox 1347 2389 1422 2461; x_wconf 84' lang='lat' dir='ltr'>fieri</span> 
     </span>
     <span class='ocr_line' id='line_1_15' title="bbox 399 2501 1423 2603; baseline 0.004 -27"><span class='ocrx_word' id='word_1_79' title='bbox 399 2515 540 2603; x_wconf 87' lang='lat' dir='ltr'>potest:</span> <span class='ocrx_word' id='word_1_80' title='bbox 566 2514 629 2576; x_wconf 83' lang='lat' dir='ltr'>aut</span> <span class='ocrx_word' id='word_1_81' title='bbox 646 2501 831 2576; x_wconf 82' lang='lat' dir='ltr'>cremando</span> <span class='ocrx_word' id='word_1_82' title='bbox 847 2510 1108 2599; x_wconf 73' lang='lat' dir='ltr'>supertartras</span> <span class='ocrx_word' id='word_1_83' title='bbox 1135 2509 1335 2601; x_wconf 73' lang='lat' dir='ltr'>potusque:</span> <span class='ocrx_word' id='word_1_84' title='bbox 1360 2518 1423 2580; x_wconf 82' lang='lat' dir='ltr'>aut</span> 
     </span>
     <span class='ocr_line' id='line_1_16' title="bbox 400 2619 1422 2721; baseline 0.001 -26"><span class='ocrx_word' id='word_1_85' title='bbox 400 2623 532 2720; x_wconf 86' lang='lat' dir='ltr'>plantis</span> <span class='ocrx_word' id='word_1_86' title='bbox 564 2621 650 2716; x_wconf 84' lang='lat' dir='ltr'>ipsis</span> <span class='ocrx_word' id='word_1_87' title='bbox 676 2619 931 2705; x_wconf 81' lang='lat' dir='ltr'>comburendis,</span> <span class='ocrx_word' id='word_1_88' title='bbox 958 2631 995 2693; x_wconf 87' lang='lat' dir='ltr'>et</span> <span class='ocrx_word' id='word_1_89' title='bbox 1025 2622 1153 2694; x_wconf 88' lang='lat' dir='ltr'>deinde</span> <span class='ocrx_word' id='word_1_90' title='bbox 1187 2624 1303 2697; x_wconf 86' lang='lat' dir='ltr'>cinere</span> <span class='ocrx_word' id='word_1_91' title='bbox 1333 2635 1422 2721; x_wconf 86' lang='lat' dir='ltr'>aqua</span> 
     </span>
     <span class='ocr_line' id='line_1_17' title="bbox 403 2737 1423 2836; baseline -0.002 -22"><span class='ocrx_word' id='word_1_92' title='bbox 403 2738 579 2814; x_wconf 85' lang='lat' dir='ltr'>solvendo.</span> <span class='ocrx_word' id='word_1_93' title='bbox 631 2737 717 2810; x_wconf 87' lang='lat' dir='ltr'>Hoc</span> <span class='ocrx_word' id='word_1_94' title='bbox 732 2737 837 2810; x_wconf 87' lang='lat' dir='ltr'>modo</span> <span class='ocrx_word' id='word_1_95' title='bbox 860 2748 1104 2833; x_wconf 78' lang='lat' dir='ltr'>praeparatum</span> <span class='ocrx_word' id='word_1_96' title='bbox 1123 2739 1201 2811; x_wconf 86' lang='lat' dir='ltr'>aliis</span> <span class='ocrx_word' id='word_1_97' title='bbox 1218 2741 1423 2836; x_wconf 85' lang='lat' dir='ltr'>inquinatur</span> 
     </span>
    </p>
   </div>
   <div class='ocr_carea' id='block_1_6' title="bbox 275 2853 1425 2962">
    <p class='ocr_par' dir='ltr' id='par_1_8' title="bbox 275 2853 1425 2962">
     <span class='ocr_line' id='line_1_18' title="bbox 275 2853 1425 2962; baseline -0.002 -30"><span class='ocrx_word' id='word_1_98' title='bbox 275 2956 278 2962; x_wconf 19' lang='grc' dir='ltr'>Ι</span> <span class='ocrx_word' id='word_1_99' title='bbox 403 2859 543 2942; x_wconf 81' lang='lat' dir='ltr'>salibus,</span> <span class='ocrx_word' id='word_1_100' title='bbox 572 2856 720 2953; x_wconf 90' lang='lat' dir='ltr'>ideoque</span> <span class='ocrx_word' id='word_1_101' title='bbox 749 2853 1013 2930; x_wconf 67' lang='lat' dir='ltr'>Suburbanus</span> <span class='ocrx_word' id='word_1_102' title='bbox 1037 2863 1208 2953; x_wconf 72' lang='lat' dir='ltr'>potamau</span> <span class='ocrx_word' id='word_1_103' title='bbox 1237 2856 1425 2956; x_wconf 80' lang='lat' dir='ltr'>impurum</span> 
     </span>
    </p>
   </div>
   <div class='ocr_carea' id='block_1_7' title="bbox 400 2972 1425 3544">
    <p class='ocr_par' dir='ltr' id='par_1_9' title="bbox 400 2972 1425 3544">
     <span class='ocr_line' id='line_1_19' title="bbox 403 2972 1424 3073; baseline -0.005 -19"><span class='ocrx_word' id='word_1_104' title='bbox 403 2981 614 3059; x_wconf 82' lang='lat' dir='ltr'>nominatur.</span> <span class='ocrx_word' id='word_1_105' title='bbox 669 2975 852 3072; x_wconf 87' lang='lat' dir='ltr'>Siquidem</span> <span class='ocrx_word' id='word_1_106' title='bbox 865 2973 964 3046; x_wconf 73' lang='lat' dir='ltr'>acidi</span> <span class='ocrx_word' id='word_1_107' title='bbox 975 2972 1162 3047; x_wconf 73' lang='lat' dir='ltr'>sarbonici</span> <span class='ocrx_word' id='word_1_108' title='bbox 1178 2988 1232 3050; x_wconf 91' lang='lat' dir='ltr'>est</span> <span class='ocrx_word' id='word_1_109' title='bbox 1242 2978 1331 3049; x_wconf 87' lang='lat' dir='ltr'>vires</span> <span class='ocrx_word' id='word_1_110' title='bbox 1348 3003 1424 3073; x_wconf 89' lang='lat' dir='ltr'>pro-</span> 
     </span>
     <span class='ocr_line' id='line_1_20' title="bbox 402 3088 1424 3195; baseline -0.001 -27"><span class='ocrx_word' id='word_1_111' title='bbox 402 3088 495 3195; x_wconf 82' lang='lat' dir='ltr'>prias</span> <span class='ocrx_word' id='word_1_112' title='bbox 510 3092 683 3168; x_wconf 81' lang='lat' dir='ltr'>alcalium</span> <span class='ocrx_word' id='word_1_113' title='bbox 699 3119 769 3167; x_wconf 86' lang='lat' dir='ltr'>nnn</span> <span class='ocrx_word' id='word_1_114' title='bbox 787 3093 913 3176; x_wconf 91' lang='lat' dir='ltr'>delere,</span> <span class='ocrx_word' id='word_1_115' title='bbox 931 3106 968 3165; x_wconf 86' lang='lat' dir='ltr'>at</span> <span class='ocrx_word' id='word_1_116' title='bbox 994 3092 1211 3165; x_wconf 86' lang='lat' dir='ltr'>solummodo</span> <span class='ocrx_word' id='word_1_117' title='bbox 1236 3096 1424 3189; x_wconf 88' lang='lat' dir='ltr'>paululum</span> 
     </span>
     <span class='ocr_line' id='line_1_21' title="bbox 401 3205 1425 3310; baseline 0 -23"><span class='ocrx_word' id='word_1_118' title='bbox 401 3213 605 3298; x_wconf 86' lang='lat' dir='ltr'>obtundere,</span> <span class='ocrx_word' id='word_1_119' title='bbox 622 3205 884 3297; x_wconf 70' lang='lat' dir='ltr'>subcarbonas&#39;</span> <span class='ocrx_word' id='word_1_120' title='bbox 896 3216 1069 3308; x_wconf 80' lang='lat' dir='ltr'>potassae</span> <span class='ocrx_word' id='word_1_121' title='bbox 1097 3208 1194 3310; x_wconf 86' lang='lat' dir='ltr'>haud</span> <span class='ocrx_word' id='word_1_122' title='bbox 1210 3211 1348 3308; x_wconf 80' lang='lat' dir='ltr'>exigua</span> <span class='ocrx_word' id='word_1_123' title='bbox 1366 3238 1425 3287; x_wconf 88' lang='lat' dir='ltr'>ve-</span> 
     </span>
     <span class='ocr_line' id='line_1_22' title="bbox 400 3326 1422 3427; baseline -0.003 -22"><span class='ocrx_word' id='word_1_124' title='bbox 400 3326 555 3405; x_wconf 82' lang='lat' dir='ltr'>uenandi</span> <span class='ocrx_word' id='word_1_125' title='bbox 580 3341 753 3427; x_wconf 70' lang='lat' dir='ltr'>potestate</span> <span class='ocrx_word' id='word_1_126' title='bbox 782 3327 981 3424; x_wconf 83' lang='lat' dir='ltr'>praeditum</span> <span class='ocrx_word' id='word_1_127' title='bbox 1009 3339 1082 3401; x_wconf 85' lang='lat' dir='ltr'>est:</span> <span class='ocrx_word' id='word_1_128' title='bbox 1114 3329 1232 3403; x_wconf 85' lang='lat' dir='ltr'>miuus</span> <span class='ocrx_word' id='word_1_129' title='bbox 1260 3328 1422 3427; x_wconf 86' lang='lat' dir='ltr'>equidem</span> 
     </span>
     <span class='ocr_line' id='line_1_23' title="bbox 402 3443 1219 3544; baseline -0.011 -21"><span class='ocrx_word' id='word_1_130' title='bbox 402 3449 582 3524; x_wconf 83' lang='lat' dir='ltr'>exitiabile</span> <span class='ocrx_word' id='word_1_131' title='bbox 599 3459 662 3534; x_wconf 87' lang='lat' dir='ltr'>est,</span> <span class='ocrx_word' id='word_1_132' title='bbox 680 3472 785 3544; x_wconf 80' lang='lat' dir='ltr'>quam</span> <span class='ocrx_word' id='word_1_133' title='bbox 803 3448 980 3519; x_wconf 74' lang='lat' dir='ltr'>nounssu</span> <span class='ocrx_word' id='word_1_134' title='bbox 998 3446 1085 3540; x_wconf 76' lang='lat' dir='ltr'>ipsa,</span> <span class='ocrx_word' id='word_1_135' title='bbox 1217 3443 1219 3446; x_wconf 69' lang='grc'>’</span> 
     </span>
    </p>
   </div>
   <div class='ocr_carea' id='block_1_8' title="bbox 476 3767 1360 3961">
    <p class='ocr_par' dir='ltr' id='par_1_10' title="bbox 476 3767 1360 3961">
     <span class='ocr_line' id='line_1_24' title="bbox 476 3767 1360 3837; baseline -0.009 0"><span class='ocrx_word' id='word_1_136' title='bbox 476 3772 650 3837; x_wconf 86' lang='lat' dir='ltr'>CCLXX.</span> <span class='ocrx_word' id='word_1_137' title='bbox 686 3771 750 3833; x_wconf 92' lang='lat' dir='ltr'>DE</span> <span class='ocrx_word' id='word_1_138' title='bbox 772 3767 927 3833; x_wconf 86' lang='lat' dir='ltr'>SIGNIS</span> <span class='ocrx_word' id='word_1_139' title='bbox 950 3767 1160 3832; x_wconf 82' lang='lat' dir='ltr'>POTASSA</span> <span class='ocrx_word' id='word_1_140' title='bbox 1183 3767 1360 3830; x_wconf 85' lang='lat' dir='ltr'>EJUSVE</span> 
     </span>
     <span class='ocr_line' id='line_1_25' title="bbox 561 3894 1265 3961; baseline -0.006 0"><span class='ocrx_word' id='word_1_141' title='bbox 561 3897 758 3961; x_wconf 88' lang='lat' dir='ltr'>SALIBUS</span> <span class='ocrx_word' id='word_1_142' title='bbox 782 3895 1003 3960; x_wconf 88' lang='lat' dir='ltr'>INGESTIS</span> <span class='ocrx_word' id='word_1_143' title='bbox 1027 3894 1265 3961; x_wconf 87' lang='lat' dir='ltr'>ORIUNDIS.</span> 
     </span>
    </p>
   </div>
   <div class='ocr_carea' id='block_1_9' title="bbox 452 4077 1529 4176">
    <p class='ocr_par' dir='ltr' id='par_1_11' title="bbox 452 4077 1529 4176">
     <span class='ocr_line' id='line_1_26' title="bbox 452 4077 1529 4176; baseline -0.003 -22"><span class='ocrx_word' id='word_1_144' title='bbox 452 4080 570 4176; x_wconf 87' lang='lat' dir='ltr'>Siquis</span> <span class='ocrx_word' id='word_1_145' title='bbox 596 4101 819 4163; x_wconf 72' lang='lat' dir='ltr'>nonussuu,</span> <span class='ocrx_word' id='word_1_146' title='bbox 848 4088 912 4152; x_wconf 81' lang='lat' dir='ltr'>aut</span> <span class='ocrx_word' id='word_1_147' title='bbox 942 4098 1233 4154; x_wconf 79' lang='lat' dir='ltr'>sunuAunouAs</span> <span class='ocrx_word' id='word_1_148' title='bbox 1266 4077 1421 4175; x_wconf 85' lang='lat' dir='ltr'>ejusdem</span> <span class='ocrx_word' id='word_1_149' title='bbox 1526 4121 1529 4125; x_wconf 67' lang='lat'><em>,</em></span> 
     </span>
    </p>
   </div>
   <div class='ocr_carea' id='block_1_10' title="bbox 402 4195 1423 4418">
    <p class='ocr_par' dir='ltr' id='par_1_12' title="bbox 402 4195 1423 4418">
     <span class='ocr_line' id='line_1_27' title="bbox 402 4195 1423 4296; baseline -0.004 -22"><span class='ocrx_word' id='word_1_150' title='bbox 402 4199 585 4285; x_wconf 76' lang='lat' dir='ltr'>voraverit,</span> <span class='ocrx_word' id='word_1_151' title='bbox 602 4195 780 4293; x_wconf 87' lang='lat' dir='ltr'>extemplo</span> <span class='ocrx_word' id='word_1_152' title='bbox 797 4221 834 4270; x_wconf 84' lang='lat' dir='ltr'>os</span> <span class='ocrx_word' id='word_1_153' title='bbox 852 4221 971 4293; x_wconf 85' lang='lat' dir='ltr'>sapore</span> <span class='ocrx_word' id='word_1_154' title='bbox 987 4209 1126 4272; x_wconf 85' lang='lat' dir='ltr'>austero</span> <span class='ocrx_word' id='word_1_155' title='bbox 1144 4210 1182 4273; x_wconf 92' lang='lat' dir='ltr'>et</span> <span class='ocrx_word' id='word_1_156' title='bbox 1202 4200 1352 4296; x_wconf 82' lang='lat' dir='ltr'>ingrato,</span> <span class='ocrx_word' id='word_1_157' title='bbox 1370 4207 1423 4270; x_wconf 84' lang='lat' dir='ltr'>at-</span> 
     </span>
     <span class='ocr_line' id='line_1_28' title="bbox 402 4317 1422 4418; baseline -0.005 -24"><span class='ocrx_word' id='word_1_158' title='bbox 402 4346 471 4418; x_wconf 91' lang='lat' dir='ltr'>que</span> <span class='ocrx_word' id='word_1_159' title='bbox 488 4319 618 4394; x_wconf 79' lang='lat' dir='ltr'>ardoris</span> <span class='ocrx_word' id='word_1_160' title='bbox 636 4344 750 4402; x_wconf 88' lang='lat' dir='ltr'>sensu,</span> <span class='ocrx_word' id='word_1_161' title='bbox 763 4317 977 4391; x_wconf 86' lang='lat' dir='ltr'>offenditur:</span> <span class='ocrx_word' id='word_1_162' title='bbox 1003 4319 1100 4392; x_wconf 86' lang='lat' dir='ltr'>dolor</span> <span class='ocrx_word' id='word_1_163' title='bbox 1115 4320 1220 4416; x_wconf 84' lang='lat' dir='ltr'>gulae</span> <span class='ocrx_word' id='word_1_164' title='bbox 1238 4334 1274 4395; x_wconf 88' lang='lat' dir='ltr'>et</span> <span class='ocrx_word' id='word_1_165' title='bbox 1292 4319 1422 4393; x_wconf 87' lang='lat' dir='ltr'>ventri-</span> 
     </span>
    </p>
   </div>
   <div class='ocr_carea' id='block_1_11' title="bbox 0 0 1668 5188">
    <p class='ocr_par' dir='ltr' id='par_1_13' title="bbox 0 0 1668 5188">
     <span class='ocr_line' id='line_1_29' title="bbox 0 0 1668 5188; baseline 0 0"><span class='ocrx_word' id='word_1_166' title='bbox 0 0 1668 5188; x_wconf 95' lang='lat' dir='ltr'> </span> 
     </span>
    </p>
   </div>
  </div>
 </body>
</html>
