3326 5188
398 596 475 667 270
791 607 848 658 nn
867 604 1051 657 versurus

398 782 471 853 imo
487 782 560 853 vasi
577 780 689 863 infixi,
716 780 838 852 vinum
857 776 985 851 aliosve
1002 777 1153 873 liquores
1170 778 1325 851 ooidulos
1341 779 1424 853 dein

399 896 533 969 infusos
562 896 794 991 inquinaturi.
857 894 934 966 Res
963 905 1017 966 est
1045 895 1237 979 notissima,
1267 898 1422 969 tunicam

399 1015 563 1099 nitidam,
588 1038 658 1111 quo
674 1013 790 1085 multa
808 1037 890 1084 vasa
906 1012 1034 1113 fictitio
1056 1013 1154 1085 intus
1171 1024 1353 1108 teguntur,
1379 1039 1423 1086 ex

397 1133 535 1228 plumbi
551 1129 675 1227 omydo
691 1141 869 1214 constare3
891 1129 1038 1223 ideoque
1053 1129 1205 1225 liquores
1221 1129 1331 1224 actuo·
1341 1153 1422 1204 ace·

399 1249 469 1324 tieo
494 1249 615 1344 aliisve
639 1245 761 1322 acidis.
779 1259 915 1322 saturos
936 1248 1134 1321 venenandi
1161 1259 1322 1347 potentes
1346 1249 1423 1325 fieri

281 1384 285 1391 ’
397 1392 506 1465 posse,
523 1368 613 1439 vasis
629 1365 829 1439 istiusmodi
845 1365 1007 1438 inolusos.
1058 1365 1184 1451 Quum
1207 1358 1325 1443 autem
1342 1392 1421 1469 mu·

398 1483 479 1557 rios
494 1481 605 1556 tudae
621 1483 778 1557 tunicam
796 1479 946 1555 similem
965 1483 1183 1557 constituere
1195 1493 1322 1578 potest,
1348 1507 1421 1555 orn·

397 1601 458 1672 nio
480 1624 561 1670 vasa
581 1597 715 1682 fictilia,
745 1621 836 1692 quae
862 1597 1013 1692 liquores
1040 1596 1200 1670 acidulos
1225 1600 1421 1684 continent,

394 1715 461 1815 hoo
485 1715 743 1797 soleinnoeuo,
767 1738 837 1785 non
859 1711 983 1809 ooydo
998 1712 1147 1809 plumbi,
1166 1716 1324 1789 tunicato
1348 1732 1420 1789 esse

397 1846 544 1931 oportet.

447 1952 527 2025 Nee
543 1951 644 2023 silere
659 1960 798 2046 oportet
814 1949 858 2022 de
875 1952 1010 2023 ratione
1036 1947 1182 2022 infanda
1204 1949 1365 2023 vinorum
1382 1963 1425 2025 et·

394 2070 638 2143 cerevisiarum
655 2091 790 2140 acorem
804 2066 963 2151 tollendi,
974 2067 1070 2164 apud
1082 2066 1252 2164 quosdam
1265 2069 1417 2143 usitata:

392 2188 538 2272 seilicet,
563 2184 727 2284 asydum
752 2185 890 2281 plumbi
915 2185 1009 2260 huno
1034 2188 1071 2259 in
1101 2187 1208 2259 finem
1234 2172 1415 2282 adjiciunt

395 2300 481 2381 Non
498 2306 653 2379 dubitari
670 2315 796 2401 potest,
814 2307 901 2401 quin
919 2329 1042 2378 oousoe
1057 2329 1178 2379 omnes
1190 2310 1266 2401 jorn
1284 2305 1415 2380 relatae

377 2424 547 2496 -multum
565 2447 689 2519 operae
713 2422 757 2494 ad
781 2419 928 2494 colicam
942 2420 1132 2518 pictonum
1148 2421 1415 2519 dispergendum

394 2538 620 2616 contulerint.
1332 2550 1344 2563 '

443 2661 592 2733 Praeter
606 2655 734 2755 omyda
750 2658 898 2755 plumbi,
923 2666 1173 2756 superacetas,
1196 2660 1311 2755 liquor
1331 2656 1415 2732 sub-

391 2779 556 2863 oeetalis,
572 2788 611 2852 et
624 2773 887 2861 sicbcarbomos,
905 2801 1007 2873 soepe
1024 2778 1163 2851 suntin
1179 2778 1360 2861 monibus;
1378 2787 1415 2849 et

391 2921 560 2994 perquem
577 2895 734 2969 exitioso.

441 3038 479 3087 Ε.
509 3014 757 3109 Srtperooetos
782 3011 935 3112 plumbi,
966 3014 1072 3110 vulgo
1100 3010 1328 3087 Soeclrorum
1343 3014 1413 3088 So-

390 3129 501 3203 tmrmi
516 3140 681 3215 vocatum
699 3131 830 3227 quippe
846 3132 938 3226 quod
955 3128 1171 3203 sacellorum
1188 3131 1301 3225 specie
1316 3128 1414 3202 houd

389 3270 513 3342 porum
531 3244 684 3319 simulet.
734 3245 866 3342 Aquae
882 3246 1006 3318 unciae
1023 3266 1115 3319 xxv
1140 3270 1248 3319 unum
1271 3249 1412 3321 unciam

390 3363 498 3460 hujus
513 3363 596 3437 selis
613 3362 778 3439 solvendo
794 3374 878 3435 sunt
894 3362 1039 3436 habiles.
1081 3361 1245 3436 Acilium
1260 3362 1411 3461 sulprbu
1458 3456 1462 3462 Ι

388 3480 509 3556 risum
525 3479 686 3553 additum
704 3481 780 3572 ejus
796 3479 970 3574 principia
986 3480 1109 3553 statim
1134 3481 1284 3561 invicem
1301 3481 1412 3555 disso-

388 3600 470 3685 ciet,
500 3597 642 3672 evoluto
668 3592 774 3669 audo
801 3594 945 3671 ucetico.
996 3594 1246 3692 Superocetoe
1271 3595 1413 3693 plumbi

388 3715 465 3810 igni
493 3713 633 3809 ingenti
662 3711 839 3805 objectum
864 3711 901 3782 in
925 3708 1115 3808 plumtbum
1139 3715 1283 3807 ejusque
1304 3722 1413 3809 prot-

386 3822 552 3927 omydum
570 3831 699 3905 flavum
717 3829 900 3925 redigitur.
950 3829 1100 3924 Corpori
1115 3828 1273 3903 humano
1296 3835 1430 3927 perui.

386 3948 617 4021 oiosissimum
634 3960 696 4022 est

436 4086 471 4152 n.
510 4063 661 4161 Liquor
688 4063 912 4141 oroboeetotis
936 4062 1089 4161 plumbi,
1119 4064 1276 4161 Anglioe
1289 4065 1411 4139 :Gou-
1510 4102 1513 4106 ·

386 4186 529 4258 nnuu’s
546 4202 753 4268 urrunnun,
781 4207 825 4256 ex
842 4206 934 4276 aquo
958 4179 1168 4257 mbaeetote
1188 4177 1330 4280 plumbi
1355 4197 1406 4255 so⁴

901 4323 920 4367 o
