3276 5194
353 526 411 579 aa
429 518 560 581 Mans
579 525 639 577 ux
656 524 784 579 acmo
800 522 1149 577 araaocvaurco.
1200 506 1272 579 su

242 724 310 775 res.
363 699 565 773 Muaurus
582 700 667 796 ipse,
691 700 765 796 qui,
783 697 979 772 Guoaero
997 698 1122 779 Primo
1145 709 1183 775 et
1210 698 1271 774 Se-

243 819 362 906 cundo
378 829 554 916 sceptrum
571 818 787 904 tenentibus,
814 818 945 904 floruit,
971 817 1088 892 multa
1111 818 1156 891 de
1181 843 1273 915 aqua

107 1036 111 1043 Ι
244 938 375 1013 Proui
390 936 637 1013 laooceraai
652 935 841 1011 desolato
857 937 1026 1010 memoria
1036 937 1151 1033 ¹digua
1167 937 1272 1034 scrip·

240 1058 312 1143 sit3
329 1080 435 1155 quam
449 1079 587 1127 summa
594 1054 795 1128 venenandi
806 1053 974 1128 facultate
986 1054 1183 1150 praeditam
1194 1079 1268 1129 csse

242 1175 356 1248 movit.

295 1292 334 1364 Si
352 1294 431 1389 quis
447 1292 646 1389 pauxillum
664 1294 774 1365 sumit
791 1292 898 1388 hujus
921 1292 1021 1365 acidi
1042 1293 1181 1377 meram,
1206 1302 1271 1367 aut

238 1419 365 1505 guttas
389 1414 586 1508 perpaucas
605 1411 673 1482 olei
698 1407 894 1508 amygdali
917 1433 1069 1483 amarae
1095 1409 1204 1505 (quod
1226 1432 1272 1482 ex

237 1527 365 1601 eodem
378 1530 613 1601 meracissimo
626 1529 848 1626 potissimum
859 1535 1024 1624 constat),
1036 1525 1162 1605 haecce
1174 1526 1270 1605 mala

243 1646 405 1720 luctuosa
421 1649 583 1744 protinus
597 1648 780 1721 accedunt.
833 1647 1040 1743 Derepentc
1056 1643 1172 1730 homo,
1193 1668 1270 1740 per·

241 1765 327 1839 inde
344 1766 444 1861 quasi
461 1767 580 1839 anima
596 1765 770 1849 deficeret,
797 1764 947 1836 humum
964 1765 1067 1860 petit,
1095 1762 1270 1837 sentiendi

237 1893 331 1955 etse
349 1883 514 1957 movendi
531 1882 602 1957 fere
620 1886 806 1981 impotens.
858 1882 1017 1979 Spiritus
1035 1883 1095 1953 vix
1113 1880 1206 1955 trahi
1232 1891 1269 1955 et

240 2002 361 2073 emitti
378 2003 591 2098 percipitur3
620 2026 685 2075 nec
715 2027 807 2086 sane,
834 2001 903 2073 nisi
931 2001 1053 2074 tabula
1069 2001 1182 2073 vitrea
1207 2024 1268 2073 ua·

238 2120 338 2193 ribus
356 2122 477 2216 orique
494 2121 636 2194 admota
654 2120 759 2216 (quae
776 2120 908 2192 scilicet
924 2120 1070 2212 madet);
1088 2118 1267 2191 homiuem

239 2236 409 2310 anhelare
425 2239 564 2311 novisse
579 2238 674 2311 licet.
727 2236 845 2332 Carpo
869 2246 1095 2320 contrectato,
1121 2238 1268 2308 arteriae

237 2353 357 2450 digito
375 2354 535 2427 subsilire
553 2357 613 2427 vix
629 2356 883 2451 percipiuntur.
919 2354 1038 2428 Artus
1055 2355 1268 2451 perffigent;

242 2471 378 2567 aliquid
395 2472 517 2545 caloris
534 2473 623 2547 circa
639 2473 839 2570 praecordia
863 2475 1062 2570 superstitis
1087 2476 1190 2545 unice
1207 2475 1267 2545 'vi-

241 2601 316 2663 tam
344 2616 548 2687 permanere
574 2591 734 2666 testatur.
787 2593 1021 2664 Memorabile
1048 2602 1112 2675 est,
1139 2592 1266 2678 oculos,

244 2709 338 2781 inter
355 2708 451 2794 haec,
464 2710 578 2784 nitore
596 2709 699 2783 solito
715 2711 866 2796 instrui;
885 2708 1095 2805 vultumque
1108 2734 1172 2782 nec
1189 2735 1268 2783 con·

241 2826 328 2899 velli
345 2852 409 2898 nec
425 2827 646 2924 distorqueri.

293 2946 541 3031 Sonuumus,
562 2948 827 3032 matamorus,
854 2959 891 3020 et
907 2946 1025 3042 plures
1050 2947 1112 3020 alii
1139 2950 1268 3022 retule-

240 3077 336 3169 runt,
351 3065 407 3137 vel
425 3089 585 3163 vaporem
603 3066 670 3139 hoc
686 3066 762 3141 diro
779 3092 914 3140 veneno
931 3079 1046 3142 ortum
1065 3071 1097 3143 ei
1115 3071 1267 3165 objectos

239 3185 427 3256 enecuisse.
464 3186 718 3258 matamorus
737 3187 949 3282 experiendo
965 3187 1100 3273 didicit,
1118 3189 1267 3284 quodvis

241 3301 313 3373 fere
330 3299 549 3386 animalium,
580 3303 695 3375 subito
716 3306 835 3387 emori,
861 3309 960 3400 cujus
977 3306 1137 3401 linguam
1154 3307 1267 3403 stylus

239 3416 306 3489 hoc
332 3439 477 3501 veneno,
504 3416 622 3490 oleove
638 3416 850 3515 Amygdoli
866 3443 1031 3507 amarae,
1049 3422 1266 3495 madefactus

241 3536 424 3632 tetigerit3
444 3561 614 3631 avemque
631 3563 675 3610 ex
688 3539 875 3633 improviso
891 3541 1014 3636 perire,
1028 3542 1058 3613 si
1068 3542 1142 3613 vasi
1156 3541 1266 3612 vitreo

238 3655 377 3750 patenti
395 3654 553 3751 ejusdem
570 3655 675 3751 pleno
693 3658 960 3752 superemineat.

294 3771 532 3846 Duvrauau
568 3774 662 3863 (vide
696 3775 826 3849 Parus
860 3790 896 3849 et
931 3775 1265 3865 Fourasauoua,

177 3983 188 3989 .,
240 3887 308 3960 vol.
322 3891 359 3961 ii.
376 3915 409 3986 p.
426 3897 512 3987 403)
530 3904 636 3989 atque
652 3893 832 3967 PARENT
850 3919 913 3968 nos
930 3898 1090 3971 certiores
1107 3896 1266 3970 fecerunt

238 4016 364 4101 guttas
390 4028 501 4079 xvru
527 4034 637 4104 aquae
661 4009 855 4109 amygdali
879 4037 1032 4087 ornaroe
1061 4012 1268 4087 destillotac

241 4123 495 4196 meracissimae
512 4137 680 4221 acceptas,
694 4130 915 4225 vertiginem,
934 4118 1118 4226 caliginem
1137 4140 1174 4200 et
1191 4138 1265 4200 stu·

240 4264 361 4335 potem
379 4239 532 4332 inferrc3
552 4254 744 4340 guttasque
761 4247 916 4341 ejusdem
935 4268 1042 4332 xxm,
1060 4245 1264 4341 ampliusve,
