3326 5302
406 576 454 656 76
604 594 819 649 ansrnmls
838 595 1218 651 anteononoman.

446 770 556 833 Smne
571 769 798 836 strnnemu
813 790 1062 835 conraacrunn
1082 790 1303 835 unuaannnn
1322 789 1425 834 naco-

402 894 466 939 aai:
489 895 600 939 aaran
624 886 708 953 sunt,
730 874 897 941 difficultas
909 874 1079 939 devorandi
1099 875 1235 954 assidua,
1256 874 1426 959 cibumque

400 979 501 1066 magis
515 1001 612 1065 quam
626 990 750 1066 potum,
771 978 1014 1044 inflammatione
1034 980 1100 1044 fere
1122 1000 1320 1065 praegressa:
1344 978 1426 1041 inter

399 1084 610 1170 glutiendum,
622 1087 747 1172 angoris
757 1096 789 1150 et
799 1085 915 1150 doloris
926 1107 1050 1150 sensus:
1066 1085 1309 1149 instrumentum
1321 1090 1343 1124 “
1350 1104 1426 1170 pro·

399 1191 505 1277 bartg’'
527 1189 647 1254 dictum
671 1212 735 1255 non
760 1190 844 1254 ultra
868 1200 990 1276 partem
1011 1190 1154 1255 vitiosam
1179 1188 1423 1254 demittendum:

398 1295 525 1360 tandem
539 1296 635 1360 tabes

443 1481 554 1546 Smne
576 1480 807 1545 struasmn
832 1497 965 1543 arcana
989 1498 1108 1544 aaran
1131 1489 1216 1556 sunt,
1245 1498 1424 1565 praegressa

395 1585 649 1665 inflammatione,
675 1583 842 1649 difficultas
864 1583 995 1648 vorandi
1018 1583 1162 1648 assidua:
1188 1583 1270 1647 inter
1290 1583 1424 1670 glutien-

398 1690 487 1766 dum,
502 1690 619 1754 doloris
633 1700 664 1753 et
678 1689 798 1755 ardoris
812 1710 920 1753 sensus
933 1687 975 1752 ad
988 1688 1126 1774 aliquam
1136 1689 1229 1775 gulae
1243 1698 1364 1775 partem
1377 1709 1424 1751 re·

396 1797 499 1862 latus:
531 1797 620 1861 cibus
639 1817 719 1880 pure
733 1795 852 1859 mixtus
874 1817 965 1880 saepe
985 1796 1138 1881 rejectus:
1169 1796 1301 1870 macies3
1326 1792 1422 1858 febris

396 1902 519 1964 mica.
565 1900 702 1979 Quidam
725 1901 806 1965 inter
828 1899 1001 1964 bibendum
1021 1901 1125 1964 subito
1139 1901 1310 1986 perierunt,
1325 1911 1424 1964 stran-

397 2007 517 2092 gulati3
533 2006 623 2070 aditu
634 2007 675 2070 ad
685 2008 831 2071 arteriam
842 2028 984 2094 asperam
994 2007 1151 2093 patefacta
1160 2018 1193 2071 et
1202 2007 1315 2072 exinde
1325 2007 1421 2093 spira·

395 2111 506 2177 mentis
519 2111 641 2200 liquore
654 2113 817 2178 obturatis.

437 2754 443 2758 ’
535 2726 614 2802 DE
640 2724 996 2803 VENTRICULI
1023 2726 1244 2802 MORBIS.

853 2923 950 2952 ..0-

444 3064 619 3130 LXXIX.
644 3065 903 3130 GASTRITIS
924 3065 1353 3136 PHLEGMONOIDEA.

441 3248 897 3345 nmmum-Pyraia
912 3248 1119 3324 vehemens:
1143 3250 1302 3325 anxietas
1319 3275 1412 3348 sum-

392 3389 473 3441 ma:
499 3364 699 3465 epigaatrii
714 3365 815 3440 ardor
837 3377 875 3442 et
899 3366 997 3442 dolor
1019 3371 1290 3466 quaesitissimi:
1313 3369 1410 3444 dolor

389 3508 499 3559 manu
514 3493 706 3582 premente,
731 3485 870 3582 ingesto
895 3484 1053 3589 quolibet
1077 3486 1217 3582 alteque
1239 3488 1411 3582 inspiran-

317 3662 323 3667 .
389 3603 436 3679 do
452 3614 559 3700 atque
575 3603 794 3699 exspirando,
816 3612 960 3677 auctus:
983 3602 1147 3676 vomendi
1165 3603 1338 3699 cupiditas
1354 3606 1407 3678 in·

389 3721 521 3816 signis:
546 3722 686 3816 ingesta
702 3720 862 3817 protinus
878 3722 1029 3815 reJecta:
1055 3719 1256 3816 singultus:
1285 3721 1409 3817 pulsus

389 3831 596 3910 arteriarum
621 3836 713 3924 duri,
742 3837 851 3912 exiles
881 3848 917 3912 et
946 3837 1076 3912 crebri:
1102 3838 1192 3912 vires
1217 3838 1409 3915 admodum

386 3952 526 4050 lapsae:
552 3977 654 4049 saepe
670 3954 844 4028 delirium.

437 4069 579 4144 Causa
605 4071 1156 4149 continuas-Inflammata
1184 4076 1407 4149 membranae
1455 4050 1463 4067 ⁹

385 4187 573 4265 ventriculi
604 4190 756 4285 extimae
782 4200 819 4265 et
848 4192 940 4267 telae
965 4192 1169 4268 reticulatae
1203 4194 1405 4290 praesertim

383 4308 502 4382 infixa.

922 4400 933 4446 l
