3276 5194
267 575 270 579 ’
355 598 434 670 342¹
578 608 1164 667 unvunanaumaoassnsns
1239 607 1243 611 ·

288 820 292 825 ·
357 790 513 863 tissimae
530 799 624 872 sunt,
652 807 741 859 anis
758 779 883 870 anai,
908 804 998 855 nais
1017 801 1265 866 unanimes,
1289 802 1378 853 anis

360 926 612 977 Tunnnsnais
629 915 735 998 atque
753 923 843 974 aeis
861 919 1176 973 sunnnaaanna.
1360 983 1367 999 Ι

354 1046 357 1059 ·
408 1019 551 1115 Apium
565 1044 646 1091 cum
659 1019 773 1113 vespis
789 1039 975 1089 commune
991 1025 1045 1087 est
1059 1013 1179 1086 aculeo
1194 1024 1380 1109 praeacuto

359 1139 487 1232 vagina
515 1137 651 1209 incluso
679 1137 819 1207 instrui.
879 1131 1020 1205 Aculeo
1046 1134 1210 1228 projecto,
1242 1152 1381 1203 summa

361 1254 452 1325 cutis
475 1246 646 1325 violatur:
670 1250 792 1324 endem
805 1249 934 1321 deinde
947 1247 1129 1329 subducto,
1142 1270 1204 1341 per
1216 1246 1380 1341 vaginam

361 1370 434 1440 sive
450 1369 605 1441 canalem
622 1390 796 1439 venenum
816 1364 1028 1436 infunditur.
1072 1360 1150 1433 Nec
1166 1360 1295 1434 desunt
1312 1359 1382 1431 alia

360 1485 493 1557 insecta
516 1487 659 1558 venenis
681 1482 862 1579 praedita:
888 1504 977 1575 qnae
1001 1491 1121 1552 tamen
1145 1478 1204 1550 hic
1228 1478 1296 1550 loci
1321 1478 1382 1548 vix

360 1603 563 1676 meminisse
579 1628 666 1698 opus
684 1612 747 1674 est.

362 1924 560 1987 CCCLVII.
590 1924 654 1986 DE
674 1924 953 1987 VENENANDI
974 1919 1269 1996 POTESTATE,
1290 1920 1387 1995 QUA

404 2047 590 2109 CARNES
606 2047 868 2123 PUTRIDAE,
881 2048 934 2108 &n
953 2047 1235 2111 PRAEDITAE
1252 2043 1385 2109 SUNT.

414 2260 550 2336 Omnes
567 2269 755 2336 anatomes
770 2264 876 2358 periti
893 2261 1112 2358 intelligunt,
1139 2284 1314 2332 venenum
1330 2261 1384 2330 sni

317 2424 321 2432 ι
365 2377 502 2473 generis
528 2378 682 2449 maxime
699 2378 880 2451 exitiabile
896 2378 1120 2450 cadaveribus
1131 2381 1206 2473 jam
1225 2377 1386 2473 putribus

365 2496 488 2580 inesse,
517 2518 653 2565 necnon
680 2520 702 2566 a
730 2495 918 2589 putredine
945 2495 1061 2567 nasci:
1088 2493 1262 2589 siquidem
1290 2492 1390 2566 haud'

363 2637 442 2685 raro
458 2636 551 2683 mors
567 2613 643 2708 ipsa
660 2613 748 2685 citra
768 2614 927 2707 quamvis
952 2613 1057 2685 aliam
1082 2636 1221 2684 causam
1248 2612 1388 2684 eviden-

366 2741 439 2802 tem
467 2729 602 2802 medicn
629 2729 774 2815 accedit,
812 2732 880 2815 cui,
907 2734 1000 2803 inter
1027 2730 1172 2803 cadaver
1199 2729 1385 2801 secandum

365 2857 472 2941 atque
497 2847 822 2942 introspiciendum,
852 2849 943 2920 cutis
973 2871 1109 2918 summa
1135 2872 1175 2919 eo
1201 2848 1277 2942 ipso
1302 2847 1388 2918 scal'-

365 2963 470 3059 pello,
489 2965 550 3058 qui
566 2963 711 3036 cadaver
727 2963 941 3060 patefecerit,
958 2964 1107 3037 fortuito
1122 2964 1282 3037 violatur.
1310 2964 1388 3034 Vix

366 3079 529 3153 dubitare
551 3081 645 3164 licet,
670 3083 755 3177 quin
773 3083 896 3154 tabum
914 3082 1101 3152 exitiosum
1119 3080 1305 3176 putredine
1325 3104 1387 3150 ex-

367 3206 496 3282 ortum,
524 3200 726 3293 corporique
752 3200 831 3269 vivo
858 3182 1059 3283 admotum,
1076 3222 1178 3270 cansa
1199 3199 1245 3270 sit
1262 3199 1388 3269 mortis

366 3314 544 3408 genitrix3
573 3316 711 3387 etiamsi
725 3315 824 3409 *quid
849 3327 911 3386 aut
935 3314 1037 3408 quale
1062 3315 1100 3385 id
1118 3316 1175 3398 sit,
1202 3338 1313 3409 quave
1336 3339 1388 3385 ra-

367 3428 465 3502 tione
487 3431 582 3502 vitae
605 3429 783 3501 flammam
809 3431 1009 3524 extinguat,
1035 3431 1238 3503 nesciamus.
1291 3429 1390 3501 Illud

367 3570 448 3619 vero
470 3547 643 3629 convenit,
669 3571 726 3618 ens
752 3548 880 3642 quibus
906 3549 1082 3644 contingit
1106 3546 1220 3619 malus
1247 3547 1390 3620 habitus

369 3665 519 3760 corpoiis
535 3648 682 3737 roburve
697 3665 794 3736 senio
811 3664 998 3737 aliundeve
1015 3674 1293 3760 conquassatum,
1307 3689 1390 3760 prae

370 3779 461 3864 aliis,
477 3780 544 3853 hac
560 3805 653 3853 noxa
669 3781 780 3866 illata,
796 3781 890 3855 laedi
903 3807 912 3867 ;
927 3785 1077 3877 juventa
1094 3783 1227 3855 scilicet
1244 3782 1391 3855 viribus-

229 3972 238 3981 „
370 3916 439 3991 que
456 3893 618 3968 florentes
630 3897 735 3993 longe
748 3900 957 3995 saepissime,
971 3898 1082 3971 eidem
1098 3900 1260 3995 objectos,
1273 3924 1391 3997 super-

368 4017 442 4086 esse
458 4011 622 4108 integros.

421 4131 643 4219 Quinetiam,
672 4143 830 4204 auctores
855 4132 924 4205 fide
951 4159 1088 4207 summa
1113 4135 1286 4232 dignandi
1313 4159 1391 4206 con-

369 4247 534 4337 tendunt,
549 4250 642 4323 cibos
652 4275 672 4322 e
682 4250 842 4323 carnibus
856 4250 976 4323 aliisve
989 4276 1169 4349 corporum
1184 4251 1392 4324 animalium
