3276 5194
379 582 435 658 nn
454 580 630 637 atacinus
647 578 913 636 vunnununo
932 580 1059 637 aruis.
1159 572 1235 646 att

262 755 368 839 Quae
385 781 466 828 vero
482 758 630 852 piscium
646 780 785 851 genera,
800 780 970 859 uenenare
985 758 1130 852 possint,
1144 782 1233 853 quae

213 878 293 941 tnta
311 871 393 955 sint,
415 873 475 942 vix
491 895 553 968 pro
571 881 749 965 comperto
765 871 925 954 habetur,
951 871 1142 968 eademque
1158 875 1235 968 ipsa

212 1009 351 1079 genera,
378 1012 468 1082 quae
492 989 530 1057 in
558 989 658 1082 aquis
684 987 894 1081 quibusdam
920 990 1064 1062 inventa
1090 992 1236 1087 impune
1306 1085 1309 1090 Ι

213 1114 390 1188 vorantur,
417 1106 455 1175 in
482 1103 560 1176 aliis
585 1104 669 1176 locis
695 1106 843 1177 exitiosa
860 1129 933 1197 esse
950 1105 1120 1178 feruutur.
1173 1106 1234 1179 Ex

211 1221 376 1292 omnibus
401 1222 553 1315 piscibus
579 1221 777 1293 venenandi
803 1223 1017 1316 potentibus,
1044 1222 1148 1320 longe
1172 1249 1234 1297 no·

213 1336 437 1407 cautissimus
455 1348 508 1407 est
537 1354 702 1407 caurus
721 1354 918 1421 unurssn,
944 1338 1094 1432 Anglice
1113 1348 1135 1379 ‘⁶
1151 1339 1195 1408 Υ
1207 1337 1236 1410 l-

214 1449 410 1524 uw-billed
423 1458 562 1548 aprat.”
597 1451 763 1523 onoma
780 1465 953 1527 memorat
969 1479 1142 1527 venenum
1161 1467 1235 1527 tam

213 1567 396 1640 funestum
413 1566 497 1640 huic
513 1568 600 1662 pisci
617 1569 740 1651 inesse,
769 1557 809 1641 ut
827 1568 1005 1640 interdum
1023 1572 1234 1654 mors,.inter

141 1732 143 1737 s
215 1707 297 1754 eum
314 1682 556 1778 ingerendum,
575 1685 763 1756 accesserit.

17 2032 20 2038 '
112 2049 117 2055 ·
230 2023 418 2088 CCCLIX.
454 2026 518 2087 DE
544 2024 710 2101 SIGNIS,
732 2025 862 2101 QUAE
886 2025 1098 2090 PISCIBUS
1121 2028 1223 2092 EXI-

355 2151 508 2214 Tlosl‘s
532 2151 737 2212 VORATIS
760 2151 1092 2214 ENASCUNTUR.

273 2386 429 2481 Ingestis
461 2386 615 2482 piscibus
647 2385 853 2458 'venenanda
886 2387 988 2482 aptis,
1023 2399 1234 2462 enascuntur

214 2510 353 2587 nausea,
376 2504 541 2588 vomitus,
563 2504 650 2588 sitis,
673 2503 771 2575 dolor
793 2503 1000 2588 abdominis,
1018 2508 1180 2590 tormina,
1197 2518 1233 2579 et

214 2619 303 2691 aliae
320 2619 535 2691 valetudinis
551 2620 713 2690 turbatae
729 2629 844 2691 notae.
880 2618 985 2690 Cutis
1002 2621 1136 2703 rubore,
1155 2645 1233 2717 pro-

93 2822 95 2827 ,
214 2736 290 2829 prio
307 2733 514 2807 articarius
531 2734 648 2819 simili,
667 2734 869 2807 efflorescit:
898 2736 1019 2808 vultus
1035 2736 1142 2810 simul
1160 2748 1233 2809 tur-

214 2862 276 2947 get
299 2862 335 2924 et
351 2853 476 2924 rubet:
503 2852 626 2947 eapitis
652 2851 750 2922 dolor
776 2849 944 2947 torquati
963 2853 1117 2954 spirandi
1141 2853 1232 2926 diffi-

212 2970 326 3043 cultas
343 2980 469 3041 vexat:
494 2950 667 3041 abdomen
696 2970 875 3043 intentum
901 2972 1118 3043 intumescit.
1172 2970 1234 3043 In-

214 3084 365 3169 tardum,
383 3084 453 3157 alvi
470 3085 586 3156 fluxus
604 3097 640 3157 et
659 3086 811 3177 vomitus
828 3096 1048 3171 concurrunt,
1066 3087 1156 3161 deut
1173 3086 1234 3161 hc·
1284 3131 1288 3135 >

212 3200 435 3274 monoclero
457 3201 613 3273 laborare
630 3203 800 3272 videatur.
854 3203 1016 3274 Demum
1034 3206 1164 3277 cerebri
1181 3232 1236 3279 ac-

212 3320 327 3391 tiones
343 3316 534 3400 labuntur;
562 3317 697 3411 vertigo
718 3325 754 3388 et
771 3315 936 3387 delirium
953 3318 1148 3390 invadunt:
1176 3348 1235 3394 cu-

212 3438 260 3510 tis
280 3434 404 3508 sudore
431 3432 548 3530 gelido
566 3433 705 3512 madet:
731 3435 888 3506 membra
904 3435 1171 3524 convelluntur3
1198 3452 1235 3512 et

213 3542 356 3627 demum
373 3550 479 3626 homo
496 3552 701 3624 succumbit.

263 3672 370 3744 Haec
387 3673 487 3768 sigua
504 3695 575 3743 nou
600 3670 718 3742 omnia
735 3653 896 3743 omnibus
914 3673 1146 3769 contingunt;
1175 3676 1235 3749 sed

214 3813 334 3861 eorum
358 3788 462 3884 plura
478 3790 534 3862 vel
551 3789 724 3885 pauciora,
750 3814 812 3884 pro
828 3791 963 3863 ratione
981 3793 1116 3876 aetatis,
1143 3793 1236 3867 vale-

210 3905 349 3979 tudinis
366 3917 402 3980 et
419 3909 568 4002 corporis
585 3906 749 3990 habitus;
773 3932 919 3994 necnon,
945 3932 1007 4004 pro
1022 3935 1149 4009 genere
1166 3913 1236 4007 pis-

214 4026 264 4097 cis
281 4026 403 4097 vorati.

262 4142 355 4215 Prae
372 4143 450 4216 aliis
468 4144 630 4239 piscibus,
658 4166 847 4219 Mrrmus
865 4169 1016 4220 annuis
1036 4148 1236 4241 saepissime

211 4261 428 4334 nostratibus
445 4260 595 4365 infestus
614 4274 677 4336 est.
712 4264 837 4338 Multa
854 4265 1012 4359 exempla
1029 4265 1151 4338 mortis
1168 4263 1235 4339 hoc
