3326 5188
386 494 459 566 236
556 540 559 545 ·
691 513 747 565 nn
766 514 894 566 Aorno
913 511 1095 566 nrrnrcn.

543 797 641 862 CCL.
677 798 741 862 DE
765 798 1002 862 REMEDIIS
1025 798 1246 862 UTENDIS.

435 981 557 1066 Quam
574 980 751 1053 celerrime
772 977 839 1052 hoe
859 976 1009 1052 acidum
1030 979 1174 1065 diluere,
1193 992 1346 1057 saturare
1365 993 1401 1056 et

385 1100 519 1196 ejiuere,
534 1099 664 1173 medici
684 1098 761 1171 erit.
812 1097 1008 1195 Permagni
1028 1098 1144 1186 refert,
1161 1124 1314 1196 quanam
1335 1111 1404 1173 ter-

384 1242 503 1292 rarum
532 1233 596 1292 aut
629 1215 813 1303 alentium,
843 1217 889 1289 ad
917 1216 956 1289 id
986 1217 1216 1290 saturandum
1249 1229 1402 1291 utamur.

383 1335 486 1411 Soda
507 1343 684 1434 potassae
713 1334 904 1420 antecellit,
922 1360 962 1407 eo
989 1334 1083 1429 quud
1110 1333 1267 1432 sulphur
1294 1335 1405 1410 rodae

384 1454 521 1530 facilius
538 1454 685 1526 solvitur
702 1452 890 1547 alvumque
906 1463 1035 1547 purgat
1053 1475 1061 1523 ε
1086 1453 1229 1548 utrique
1254 1475 1404 1550 magne·

382 1570 441 1645 riu
467 1580 631 1668 praestat.
690 1553 955 1667 Subcurbouas
981 1568 1195 1666 magnesiae
1211 1569 1268 1643 vel
1292 1568 1404 1643 rodae

384 1689 625 1785 potiusquam
648 1686 818 1760 alterutra
841 1711 947 1770 mera,
966 1686 1109 1760 concedi
1126 1686 1253 1760 debet:
1281 1713 1404 1784 quam-

383 1806 437 1878 vis
452 1806 547 1878 enim
564 1803 712 1878 acidum
728 1801 964 1877 curbouicum
988 1804 1117 1877 exinde
1133 1804 1313 1878 evolutum
1330 1832 1404 1880 mo-

382 1922 523 1999 lestiam
539 1923 652 2006 affert,
665 1944 789 2018 pamm
803 1932 865 1993 aut
878 1919 971 1993 nihil
983 1921 1104 1994 caloris
1116 1933 1287 2007 movetur,
1299 1921 1404 1996 acido

373 2027 600 2140 ,sudeturico
628 2051 665 2111 et
693 2036 961 2111 subcarbonare
989 2039 1139 2111 invicem
1173 2042 1299 2113 mistis.
1363 2041 1403 2114 Si

383 2157 577 2257 nragrreria
605 2181 676 2229 non
705 2157 866 2252 protinus
895 2156 1029 2229 mediuo
1045 2157 1083 2227 in
1101 2158 1264 2239 manibus
1292 2158 1400 2243 adest,

384 2301 467 2372 sepo
483 2275 591 2348 durus
608 2298 699 2369 aqua
714 2297 801 2369 pura
814 2272 1004 2345 dissolutus
1020 2273 1216 2345 bibendus:
1233 2272 1291 2347 hic
1307 2277 1401 2348 enim

383 2416 428 2464 ex
442 2389 532 2464 roda
550 2402 587 2463 et
598 2380 678 2462 'oleo
694 2390 765 2460 fixo
781 2400 940 2477 constat3
961 2415 1030 2485 quo
1046 2391 1099 2474 fit,
1117 2402 1159 2464 ut
1175 2389 1330 2489 sulphur
1346 2417 1401 2467 ro-
1469 2390 1478 2399 ’

378 2509 454 2584 'dae
479 2509 577 2581 intus
603 2508 676 2591 fiat,
699 2507 842 2580 dimisso
858 2499 958 2581 oleos
998 2507 1071 2579 His
1095 2508 1200 2605 adjici
1222 2509 1400 2605 debebunt

382 2638 487 2727 potus
498 2626 685 2699 mulcendo
696 2624 830 2710 idonei;
850 2626 970 2721 quales
982 2637 1066 2700 sunt
1079 2626 1247 2724 lanaque
1257 2639 1402 2724 gummi

381 2747 546 2822 Aeneiae
570 2741 740 2816 uidrtr'cue
764 2743 911 2814 imbuta.
964 2741 1004 2814 Si
1020 2740 1116 2815 hisee
1137 2745 1206 2817 rite
1227 2746 1402 2819 ministra-

382 2869 440 2951 tis,
450 2889 516 2936 nec
527 2861 714 2945 inutiliter,
725 2870 830 2932 notae
843 2869 961 2932 tamen
979 2860 1266 2935 inflammationis
1283 2889 1401 2959 super-

382 2987 475 3067 sint3
496 2980 667 3075 sanguine
682 2976 869 3062 mittendo,
886 2977 1034 3073 aliisque
1050 2978 1244 3052 medicinae
1260 2982 1401 3055 auxiliis

382 3105 421 3174 in
438 3097 750 3171 inflammationem
769 3096 860 3189 aptis
876 3093 1112 3168 devincendae
1129 3108 1243 3169 erunt.

300 3353 309 3360 ’
449 3371 568 3437 cum.
600 3367 839 3447 QUAEDAM
862 3368 926 3432 un
950 3366 1098 3432 Aemo
1121 3369 1332 3434 rurruco.

431 3556 611 3629 AchM
629 3571 841 3626 NITRICUM
859 3549 1035 3646 liquidum
1048 3561 1085 3623 et
1098 3552 1323 3647 purissimum
1340 3555 1400 3628 de·

381 3675 472 3749 color
489 3670 754 3765 eet,fi1mosque
778 3666 944 3741 candidos
960 3678 997 3739 et
1013 3692 1169 3763 peraeres
1191 3694 1254 3741 sua
1277 3681 1400 3766 sponte

381 3789 533 3864 evolvit:
570 3813 608 3861 os
636 3810 757 3883 sapore
784 3785 982 3859 acidissimo
1011 3797 1215 3881 exasperat3
1254 3787 1400 3862 rodendi

380 3907 664 4006 potentissimum
681 3914 736 3978 est
750 3928 759 3990 ;
786 3915 899 4000 :atque
909 3902 1089 3976 'summam
1106 3914 1236 3992 eutem,
1254 3907 1283 3978 si
1300 3909 1333 3979 ei
1350 3907 1400 3981 af-

378 4022 553 4104 funditur,
570 4020 682 4093 colore
709 4043 812 4092 aureo
828 4020 890 4090 vix
916 4017 1065 4092 delendo
1092 4022 1221 4117 tingit}
1247 4023 1402 4119 idquud

377 4143 444 4217 hoe
460 4136 607 4215 aeidum
622 4137 761 4234 proprie
777 4136 937 4233 insignit.
990 4135 1030 4208 Si
1047 4147 1190 4212 tantum
1210 4164 1322 4235 aquae
1338 4141 1400 4215 ha-

376 4265 469 4350 beat,
487 4270 530 4335 ut
549 4256 688 4355 pondus
713 4251 920 4354 rpecrfleum
946 4279 1093 4330 numero
1125 4265 1183 4331 1.5
1212 4258 1400 4358 indicetur,
