<?xml version="1.0" encoding="UTF-8"?>
<!DOCTYPE html PUBLIC "-//W3C//DTD XHTML 1.0 Transitional//EN"
    "http://www.w3.org/TR/xhtml1/DTD/xhtml1-transitional.dtd">
<html xmlns="http://www.w3.org/1999/xhtml" xml:lang="en" lang="en">
 <head>
  <title>
</title>
<meta http-equiv="Content-Type" content="text/html;charset=utf-8" />
  <meta name='ocr-system' content='tesseract 3.04.00' />
  <meta name='ocr-capabilities' content='ocr_page ocr_carea ocr_par ocr_line ocrx_word'/>
</head>
<body>
  <div class='ocr_page' id='page_1' title='image "./morborumdefinit01hawlgoog_0266.png"; bbox 0 0 3326 5188; ppageno 0'>
   <div class='ocr_carea' id='block_1_1' title="bbox 536 567 1271 639">
    <p class='ocr_par' dir='ltr' id='par_1_1' title="bbox 536 567 1271 639">
     <span class='ocr_line' id='line_1_1' title="bbox 536 567 1271 639; baseline -0.007 0"><span class='ocrx_word' id='word_1_1' title='bbox 536 586 592 639; x_wconf 73' lang='lat' dir='ltr'>ma</span> <span class='ocrx_word' id='word_1_2' title='bbox 611 586 739 639; x_wconf 75' lang='lat' dir='ltr'>uerno</span> <span class='ocrx_word' id='word_1_3' title='bbox 758 585 953 637; x_wconf 78' lang='lat' dir='ltr'>oxanrco.</span> <span class='ocrx_word' id='word_1_4' title='bbox 1104 580 1107 585; x_wconf 71' lang='grc'>’</span> <span class='ocrx_word' id='word_1_5' title='bbox 1199 567 1271 635; x_wconf 72' lang='lat'>253</span> 
     </span>
    </p>
   </div>
   <div class='ocr_carea' id='block_1_2' title="bbox 249 747 1283 1922">
    <p class='ocr_par' dir='ltr' id='par_1_2' title="bbox 249 747 1283 1922">
     <span class='ocr_line' id='line_1_2' title="bbox 250 747 1275 857; baseline -0.005 -24"><span class='ocrx_word' id='word_1_6' title='bbox 250 762 360 857; x_wconf 89' lang='lat' dir='ltr'>genti,</span> <span class='ocrx_word' id='word_1_7' title='bbox 394 758 528 834; x_wconf 80' lang='lat' dir='ltr'>omalaa</span> <span class='ocrx_word' id='word_1_8' title='bbox 560 765 699 857; x_wconf 84' lang='lat' dir='ltr'>argenti</span> <span class='ocrx_word' id='word_1_9' title='bbox 741 748 931 835; x_wconf 86' lang='lat' dir='ltr'>candidum</span> <span class='ocrx_word' id='word_1_10' title='bbox 975 772 1080 856; x_wconf 92' lang='lat' dir='ltr'>atque</span> <span class='ocrx_word' id='word_1_11' title='bbox 1113 747 1275 856; x_wconf 82' lang='lat' dir='ltr'>gravissi-</span> 
     </span>
     <span class='ocr_line' id='line_1_3' title="bbox 249 875 1274 974; baseline -0.002 -27"><span class='ocrx_word' id='word_1_12' title='bbox 249 901 358 961; x_wconf 88' lang='lat' dir='ltr'>mum,</span> <span class='ocrx_word' id='word_1_13' title='bbox 376 879 634 974; x_wconf 77' lang='lat' dir='ltr'>praecipitatur.</span> <span class='ocrx_word' id='word_1_14' title='bbox 679 879 718 951; x_wconf 83' lang='lat' dir='ltr'>si</span> <span class='ocrx_word' id='word_1_15' title='bbox 737 876 870 951; x_wconf 74' lang='lat' dir='ltr'>amalos</span> <span class='ocrx_word' id='word_1_16' title='bbox 887 879 1026 972; x_wconf 82' lang='lat' dir='ltr'>argenti</span> <span class='ocrx_word' id='word_1_17' title='bbox 1053 876 1181 961; x_wconf 80' lang='lat' dir='ltr'>siecum</span> <span class='ocrx_word' id='word_1_18' title='bbox 1198 875 1274 970; x_wconf 86' lang='lat' dir='ltr'>igni</span> 
     </span>
     <span class='ocr_line' id='line_1_4' title="bbox 252 994 1276 1091; baseline -0.003 -24"><span class='ocrx_word' id='word_1_19' title='bbox 252 997 458 1091; x_wconf 82' lang='lat' dir='ltr'>subjicitur3</span> <span class='ocrx_word' id='word_1_20' title='bbox 487 998 584 1090; x_wconf 86' lang='lat' dir='ltr'>prius</span> <span class='ocrx_word' id='word_1_21' title='bbox 610 994 745 1068; x_wconf 85' lang='lat' dir='ltr'>fuscum</span> <span class='ocrx_word' id='word_1_22' title='bbox 772 996 893 1069; x_wconf 89' lang='lat' dir='ltr'>induit</span> <span class='ocrx_word' id='word_1_23' title='bbox 917 995 1090 1084; x_wconf 78' lang='lat' dir='ltr'>colorem3</span> <span class='ocrx_word' id='word_1_24' title='bbox 1119 994 1202 1066; x_wconf 91' lang='lat' dir='ltr'>dein</span> <span class='ocrx_word' id='word_1_25' title='bbox 1219 995 1276 1065; x_wconf 91' lang='lat' dir='ltr'>in·</span> 
     </span>
     <span class='ocr_line' id='line_1_5' title="bbox 251 1111 1278 1212; baseline -0.001 -27"><span class='ocrx_word' id='word_1_26' title='bbox 251 1113 463 1200; x_wconf 83' lang='lat' dir='ltr'>flammatur,</span> <span class='ocrx_word' id='word_1_27' title='bbox 478 1111 576 1186; x_wconf 89' lang='lat' dir='ltr'>haud</span> <span class='ocrx_word' id='word_1_28' title='bbox 594 1115 669 1188; x_wconf 88' lang='lat' dir='ltr'>sine</span> <span class='ocrx_word' id='word_1_29' title='bbox 684 1116 845 1212; x_wconf 85' lang='lat' dir='ltr'>strepitu,</span> <span class='ocrx_word' id='word_1_30' title='bbox 863 1126 969 1211; x_wconf 87' lang='lat' dir='ltr'>atque</span> <span class='ocrx_word' id='word_1_31' title='bbox 985 1116 1024 1186; x_wconf 89' lang='lat' dir='ltr'>in</span> <span class='ocrx_word' id='word_1_32' title='bbox 1040 1111 1180 1187; x_wconf 84' lang='lat' dir='ltr'>fumum</span> <span class='ocrx_word' id='word_1_33' title='bbox 1197 1137 1278 1185; x_wconf 88' lang='lat' dir='ltr'>can-</span> 
     </span>
     <span class='ocr_line' id='line_1_6' title="bbox 253 1232 1278 1330; baseline 0.003 -27"><span class='ocrx_word' id='word_1_34' title='bbox 253 1232 377 1304; x_wconf 90' lang='lat' dir='ltr'>didurn</span> <span class='ocrx_word' id='word_1_35' title='bbox 395 1233 554 1306; x_wconf 84' lang='lat' dir='ltr'>vertitur.</span> <span class='ocrx_word' id='word_1_36' title='bbox 606 1232 691 1307; x_wconf 87' lang='lat' dir='ltr'>Hoc</span> <span class='ocrx_word' id='word_1_37' title='bbox 707 1235 988 1330; x_wconf 82' lang='lat' dir='ltr'>experimentum</span> <span class='ocrx_word' id='word_1_38' title='bbox 1009 1233 1153 1305; x_wconf 85' lang='lat' dir='ltr'>caeteris</span> <span class='ocrx_word' id='word_1_39' title='bbox 1178 1256 1278 1329; x_wconf 89' lang='lat' dir='ltr'>prae·</span> 
     </span>
     <span class='ocr_line' id='line_1_7' title="bbox 254 1350 1278 1451; baseline -0.002 -24"><span class='ocrx_word' id='word_1_40' title='bbox 254 1368 346 1428; x_wconf 85' lang='lat' dir='ltr'>stare</span> <span class='ocrx_word' id='word_1_41' title='bbox 363 1357 525 1441; x_wconf 87' lang='lat' dir='ltr'>videtur;</span> <span class='ocrx_word' id='word_1_42' title='bbox 552 1357 581 1428; x_wconf 90' lang='lat' dir='ltr'>si</span> <span class='ocrx_word' id='word_1_43' title='bbox 599 1356 693 1428; x_wconf 90' lang='lat' dir='ltr'>enim</span> <span class='ocrx_word' id='word_1_44' title='bbox 711 1354 886 1451; x_wconf 88' lang='lat' dir='ltr'>quadrans</span> <span class='ocrx_word' id='word_1_45' title='bbox 902 1356 1004 1450; x_wconf 88' lang='lat' dir='ltr'>grani</span> <span class='ocrx_word' id='word_1_46' title='bbox 1025 1350 1125 1427; x_wconf 81' lang='lat' dir='ltr'>acidi</span> <span class='ocrx_word' id='word_1_47' title='bbox 1140 1350 1278 1427; x_wconf 76' lang='lat' dir='ltr'>analio·</span> 
     </span>
     <span class='ocr_line' id='line_1_8' title="bbox 254 1469 1280 1569; baseline -0.002 -24"><span class='ocrx_word' id='word_1_48' title='bbox 254 1486 406 1569; x_wconf 87' lang='lat' dir='ltr'>quatuor</span> <span class='ocrx_word' id='word_1_49' title='bbox 433 1472 591 1545; x_wconf 89' lang='lat' dir='ltr'>millibus</span> <span class='ocrx_word' id='word_1_50' title='bbox 619 1497 728 1567; x_wconf 85' lang='lat' dir='ltr'>aquae</span> <span class='ocrx_word' id='word_1_51' title='bbox 754 1496 941 1568; x_wconf 85' lang='lat' dir='ltr'>granorum</span> <span class='ocrx_word' id='word_1_52' title='bbox 961 1471 1129 1556; x_wconf 89' lang='lat' dir='ltr'>solvitur;</span> <span class='ocrx_word' id='word_1_53' title='bbox 1156 1469 1280 1543; x_wconf 78' lang='lat' dir='ltr'>mitras</span> 
     </span>
     <span class='ocr_line' id='line_1_9' title="bbox 255 1577 1281 1686; baseline -0.004 -23"><span class='ocrx_word' id='word_1_54' title='bbox 255 1592 393 1686; x_wconf 85' lang='lat' dir='ltr'>argenti</span> <span class='ocrx_word' id='word_1_55' title='bbox 420 1589 613 1686; x_wconf 84' lang='lat' dir='ltr'>adjectum</span> <span class='ocrx_word' id='word_1_56' title='bbox 633 1590 724 1663; x_wconf 87' lang='lat' dir='ltr'>clare</span> <span class='ocrx_word' id='word_1_57' title='bbox 751 1589 789 1661; x_wconf 92' lang='lat' dir='ltr'>id</span> <span class='ocrx_word' id='word_1_58' title='bbox 823 1589 960 1661; x_wconf 84' lang='lat' dir='ltr'>subesse</span> <span class='ocrx_word' id='word_1_59' title='bbox 989 1589 1149 1685; x_wconf 84' lang='lat' dir='ltr'>insignit,</span> <span class='ocrx_word' id='word_1_60' title='bbox 1179 1577 1281 1659; x_wconf 82' lang='lat' dir='ltr'>tanto</span> 
     </span>
     <span class='ocr_line' id='line_1_10' title="bbox 258 1705 1283 1805; baseline -0.004 -24"><span class='ocrx_word' id='word_1_61' title='bbox 258 1705 422 1781; x_wconf 76' lang='lat' dir='ltr'>anulatis</span> <span class='ocrx_word' id='word_1_62' title='bbox 457 1706 595 1805; x_wconf 87' lang='lat' dir='ltr'>argenti</span> <span class='ocrx_word' id='word_1_63' title='bbox 626 1706 786 1794; x_wconf 87' lang='lat' dir='ltr'>demisso,</span> <span class='ocrx_word' id='word_1_64' title='bbox 812 1717 997 1803; x_wconf 88' lang='lat' dir='ltr'>quantum,</span> <span class='ocrx_word' id='word_1_65' title='bbox 1024 1708 1107 1802; x_wconf 86' lang='lat' dir='ltr'>igne</span> <span class='ocrx_word' id='word_1_66' title='bbox 1130 1705 1283 1789; x_wconf 83' lang='lat' dir='ltr'>admoto,</span> 
     </span>
     <span class='ocr_line' id='line_1_11' title="bbox 256 1826 759 1922; baseline -0.002 -24"><span class='ocrx_word' id='word_1_67' title='bbox 256 1826 507 1911; x_wconf 88' lang='lat' dir='ltr'>inflammetur,</span> <span class='ocrx_word' id='word_1_68' title='bbox 526 1837 632 1922; x_wconf 85' lang='lat' dir='ltr'>atque</span> <span class='ocrx_word' id='word_1_69' title='bbox 649 1835 759 1898; x_wconf 86' lang='lat' dir='ltr'>sonet.</span> 
     </span>
    </p>
   </div>
   <div class='ocr_carea' id='block_1_3' title="bbox 385 2098 1156 2165">
    <p class='ocr_par' dir='ltr' id='par_1_3' title="bbox 385 2098 1156 2165">
     <span class='ocr_line' id='line_1_12' title="bbox 385 2098 1156 2165; baseline -0.005 0"><span class='ocrx_word' id='word_1_70' title='bbox 385 2100 550 2165; x_wconf 89' lang='lat' dir='ltr'>CCLXV.</span> <span class='ocrx_word' id='word_1_71' title='bbox 586 2099 650 2162; x_wconf 86' lang='lat' dir='ltr'>DE</span> <span class='ocrx_word' id='word_1_72' title='bbox 674 2098 911 2164; x_wconf 84' lang='lat' dir='ltr'><strong>REMEDIIS</strong></span> <span class='ocrx_word' id='word_1_73' title='bbox 934 2100 1156 2164; x_wconf 88' lang='lat' dir='ltr'><strong>UTENDIS.</strong></span> 
     </span>
    </p>
   </div>
   <div class='ocr_carea' id='block_1_4' title="bbox 228 2281 1290 4400">
    <p class='ocr_par' dir='ltr' id='par_1_4' title="bbox 228 2281 1290 4400">
     <span class='ocr_line' id='line_1_13' title="bbox 309 2281 1280 2380; baseline -0.002 -23"><span class='ocrx_word' id='word_1_74' title='bbox 309 2285 349 2357; x_wconf 85' lang='lat' dir='ltr'>si</span> <span class='ocrx_word' id='word_1_75' title='bbox 366 2285 445 2380; x_wconf 88' lang='lat' dir='ltr'>quis</span> <span class='ocrx_word' id='word_1_76' title='bbox 462 2281 621 2356; x_wconf 83' lang='lat' dir='ltr'>cbemiae</span> <span class='ocrx_word' id='word_1_77' title='bbox 645 2285 789 2379; x_wconf 88' lang='lat' dir='ltr'>peritus,</span> <span class='ocrx_word' id='word_1_78' title='bbox 815 2297 852 2355; x_wconf 88' lang='lat' dir='ltr'>at</span> <span class='ocrx_word' id='word_1_79' title='bbox 868 2282 1034 2355; x_wconf 84' lang='lat' dir='ltr'>medendi</span> <span class='ocrx_word' id='word_1_80' title='bbox 1054 2284 1138 2356; x_wconf 89' lang='lat' dir='ltr'>artis</span> <span class='ocrx_word' id='word_1_81' title='bbox 1155 2307 1280 2380; x_wconf 81' lang='lat' dir='ltr'>parum</span> 
     </span>
     <span class='ocr_line' id='line_1_14' title="bbox 259 2400 1282 2501; baseline 0.001 -25"><span class='ocrx_word' id='word_1_82' title='bbox 259 2428 399 2501; x_wconf 88' lang='lat' dir='ltr'>gnarus,</span> <span class='ocrx_word' id='word_1_83' title='bbox 416 2400 483 2475; x_wconf 86' lang='lat' dir='ltr'>hoe</span> <span class='ocrx_word' id='word_1_84' title='bbox 499 2426 672 2475; x_wconf 86' lang='lat' dir='ltr'>venenum</span> <span class='ocrx_word' id='word_1_85' title='bbox 690 2402 853 2476; x_wconf 89' lang='lat' dir='ltr'>remediis</span> <span class='ocrx_word' id='word_1_86' title='bbox 870 2402 1064 2476; x_wconf 86' lang='lat' dir='ltr'>obtundere</span> <span class='ocrx_word' id='word_1_87' title='bbox 1081 2402 1186 2487; x_wconf 89' lang='lat' dir='ltr'>velit;</span> <span class='ocrx_word' id='word_1_88' title='bbox 1203 2428 1282 2501; x_wconf 85' lang='lat' dir='ltr'>pro·</span> 
     </span>
     <span class='ocr_line' id='line_1_15' title="bbox 228 2521 1282 2619; baseline 0 -23"><span class='ocrx_word' id='word_1_89' title='bbox 228 2522 232 2527; x_wconf 73' lang='grc'><em>’</em></span> <span class='ocrx_word' id='word_1_90' title='bbox 258 2521 375 2595; x_wconf 90' lang='lat' dir='ltr'>babile</span> <span class='ocrx_word' id='word_1_91' title='bbox 391 2532 444 2593; x_wconf 87' lang='lat' dir='ltr'>est</span> <span class='ocrx_word' id='word_1_92' title='bbox 466 2521 498 2593; x_wconf 85' lang='lat' dir='ltr'>ei</span> <span class='ocrx_word' id='word_1_93' title='bbox 524 2521 561 2593; x_wconf 90' lang='lat' dir='ltr'>in</span> <span class='ocrx_word' id='word_1_94' title='bbox 579 2531 734 2594; x_wconf 90' lang='lat' dir='ltr'>mentem</span> <span class='ocrx_word' id='word_1_95' title='bbox 753 2531 941 2593; x_wconf 90' lang='lat' dir='ltr'>venturum</span> <span class='ocrx_word' id='word_1_96' title='bbox 969 2546 1042 2593; x_wconf 87' lang='lat' dir='ltr'>esse</span> <span class='ocrx_word' id='word_1_97' title='bbox 1067 2545 1194 2616; x_wconf 86' lang='lat' dir='ltr'>aquam</span> <span class='ocrx_word' id='word_1_98' title='bbox 1217 2545 1282 2619; x_wconf 76' lang='lat' dir='ltr'>po</span> 
     </span>
     <span class='ocr_line' id='line_1_16' title="bbox 260 2636 1283 2736; baseline 0 -24"><span class='ocrx_word' id='word_1_99' title='bbox 260 2648 373 2726; x_wconf 78' lang='lat' dir='ltr'>tarsa,</span> <span class='ocrx_word' id='word_1_100' title='bbox 399 2636 490 2712; x_wconf 79' lang='lat' dir='ltr'>sodo</span> <span class='ocrx_word' id='word_1_101' title='bbox 507 2639 563 2712; x_wconf 91' lang='lat' dir='ltr'>vel</span> <span class='ocrx_word' id='word_1_102' title='bbox 590 2639 772 2711; x_wconf 76' lang='lat' dir='ltr'>amasonia</span> <span class='ocrx_word' id='word_1_103' title='bbox 797 2640 972 2711; x_wconf 90' lang='lat' dir='ltr'>imbutam</span> <span class='ocrx_word' id='word_1_104' title='bbox 991 2640 1208 2736; x_wconf 80' lang='lat' dir='ltr'>praecipere;</span> <span class='ocrx_word' id='word_1_105' title='bbox 1237 2642 1283 2712; x_wconf 89' lang='lat' dir='ltr'>si·</span> 
     </span>
     <span class='ocr_line' id='line_1_17' title="bbox 260 2750 1284 2858; baseline 0.001 -26"><span class='ocrx_word' id='word_1_106' title='bbox 260 2760 405 2858; x_wconf 91' lang='lat' dir='ltr'>quidem</span> <span class='ocrx_word' id='word_1_107' title='bbox 421 2758 547 2833; x_wconf 88' lang='lat' dir='ltr'>horum</span> <span class='ocrx_word' id='word_1_108' title='bbox 563 2759 723 2831; x_wconf 86' lang='lat' dir='ltr'>omnium</span> <span class='ocrx_word' id='word_1_109' title='bbox 740 2773 794 2845; x_wconf 80' lang='lat' dir='ltr'>est</span> <span class='ocrx_word' id='word_1_110' title='bbox 810 2756 958 2831; x_wconf 80' lang='lat' dir='ltr'>acidam</span> <span class='ocrx_word' id='word_1_111' title='bbox 973 2750 1158 2833; x_wconf 72' lang='lat' dir='ltr'>anatinam</span> <span class='ocrx_word' id='word_1_112' title='bbox 1188 2770 1284 2833; x_wconf 88' lang='lat' dir='ltr'>satu·</span> 
     </span>
     <span class='ocr_line' id='line_1_18' title="bbox 260 2876 1282 2978; baseline 0.003 -26"><span class='ocrx_word' id='word_1_113' title='bbox 260 2905 355 2953; x_wconf 87' lang='lat' dir='ltr'>rare:</span> <span class='ocrx_word' id='word_1_114' title='bbox 383 2903 454 2953; x_wconf 87' lang='lat' dir='ltr'>non</span> <span class='ocrx_word' id='word_1_115' title='bbox 472 2889 591 2952; x_wconf 89' lang='lat' dir='ltr'>autem</span> <span class='ocrx_word' id='word_1_116' title='bbox 609 2877 767 2952; x_wconf 86' lang='lat' dir='ltr'>oblivisci</span> <span class='ocrx_word' id='word_1_117' title='bbox 783 2889 932 2975; x_wconf 87' lang='lat' dir='ltr'>oportet,</span> <span class='ocrx_word' id='word_1_118' title='bbox 950 2876 1080 2954; x_wconf 74' lang='lat' dir='ltr'>onuba</span> <span class='ocrx_word' id='word_1_119' title='bbox 1096 2886 1282 2978; x_wconf 70' lang='lat' dir='ltr'>peioraue,</span> 
     </span>
     <span class='ocr_line' id='line_1_19' title="bbox 259 2996 1285 3095; baseline 0.002 -23"><span class='ocrx_word' id='word_1_120' title='bbox 259 2996 371 3072; x_wconf 71' lang='lat' dir='ltr'>rodae</span> <span class='ocrx_word' id='word_1_121' title='bbox 403 3008 510 3095; x_wconf 88' lang='lat' dir='ltr'>atque</span> <span class='ocrx_word' id='word_1_122' title='bbox 545 2997 760 3084; x_wconf 73' lang='lat' dir='ltr'>amazoniae,</span> <span class='ocrx_word' id='word_1_123' title='bbox 797 2997 886 3071; x_wconf 85' lang='lat' dir='ltr'>sales</span> <span class='ocrx_word' id='word_1_124' title='bbox 923 2998 1020 3072; x_wconf 89' lang='lat' dir='ltr'>haud</span> <span class='ocrx_word' id='word_1_125' title='bbox 1057 3001 1175 3074; x_wconf 85' lang='lat' dir='ltr'>minus</span> <span class='ocrx_word' id='word_1_126' title='bbox 1212 3002 1285 3075; x_wconf 83' lang='lat' dir='ltr'>exi-</span> 
     </span>
     <span class='ocr_line' id='line_1_20' title="bbox 260 3101 1287 3215; baseline 0.004 -25"><span class='ocrx_word' id='word_1_127' title='bbox 260 3120 366 3192; x_wconf 84' lang='lat' dir='ltr'>tiosos</span> <span class='ocrx_word' id='word_1_128' title='bbox 392 3143 477 3204; x_wconf 84' lang='lat' dir='ltr'>esse,</span> <span class='ocrx_word' id='word_1_129' title='bbox 511 3143 618 3214; x_wconf 86' lang='lat' dir='ltr'>quam</span> <span class='ocrx_word' id='word_1_130' title='bbox 645 3115 791 3191; x_wconf 80' lang='lat' dir='ltr'>acidam</span> <span class='ocrx_word' id='word_1_131' title='bbox 811 3101 1002 3191; x_wconf 54' lang='lat' dir='ltr'>&#39;amolinum</span> <span class='ocrx_word' id='word_1_132' title='bbox 1028 3118 1144 3215; x_wconf 87' lang='lat' dir='ltr'>ipsum</span> <span class='ocrx_word' id='word_1_133' title='bbox 1171 3121 1287 3194; x_wconf 85' lang='lat' dir='ltr'>multa</span> 
     </span>
     <span class='ocr_line' id='line_1_21' title="bbox 262 3233 1286 3335; baseline 0.007 -28"><span class='ocrx_word' id='word_1_134' title='bbox 262 3260 352 3330; x_wconf 86' lang='lat' dir='ltr'>aqua</span> <span class='ocrx_word' id='word_1_135' title='bbox 369 3236 543 3316; x_wconf 88' lang='lat' dir='ltr'>dilutum;</span> <span class='ocrx_word' id='word_1_136' title='bbox 570 3259 705 3307; x_wconf 86' lang='lat' dir='ltr'>necnon</span> <span class='ocrx_word' id='word_1_137' title='bbox 732 3260 776 3306; x_wconf 86' lang='lat' dir='ltr'>ex</span> <span class='ocrx_word' id='word_1_138' title='bbox 801 3233 898 3307; x_wconf 82' lang='lat' dir='ltr'>facili</span> <span class='ocrx_word' id='word_1_139' title='bbox 925 3237 1110 3321; x_wconf 85' lang='lat' dir='ltr'>absorberi,</span> <span class='ocrx_word' id='word_1_140' title='bbox 1135 3241 1286 3335; x_wconf 85' lang='lat' dir='ltr'>eoquod</span> 
     </span>
     <span class='ocr_line' id='line_1_22' title="bbox 263 3350 1286 3452; baseline 0.003 -26"><span class='ocrx_word' id='word_1_141' title='bbox 263 3354 333 3426; x_wconf 88' lang='lat' dir='ltr'>cito</span> <span class='ocrx_word' id='word_1_142' title='bbox 349 3378 370 3424; x_wconf 84' lang='lat' dir='ltr'>a</span> <span class='ocrx_word' id='word_1_143' title='bbox 387 3352 497 3424; x_wconf 80' lang='lat' dir='ltr'>suecis</span> <span class='ocrx_word' id='word_1_144' title='bbox 515 3351 702 3423; x_wconf 85' lang='lat' dir='ltr'>ventriculi</span> <span class='ocrx_word' id='word_1_145' title='bbox 719 3350 969 3425; x_wconf 86' lang='lat' dir='ltr'>dissolvuntur.</span> <span class='ocrx_word' id='word_1_146' title='bbox 1022 3353 1133 3441; x_wconf 84' lang='lat' dir='ltr'>(Vide</span> <span class='ocrx_word' id='word_1_147' title='bbox 1152 3365 1173 3396; x_wconf 82' lang='lat'>‘⁴</span> <span class='ocrx_word' id='word_1_148' title='bbox 1190 3356 1286 3452; x_wconf 86' lang='lat' dir='ltr'><strong>Exp.</strong></span> 
     </span>
     <span class='ocr_line' id='line_1_23' title="bbox 264 3469 1288 3573; baseline 0.003 -30"><span class='ocrx_word' id='word_1_149' title='bbox 264 3471 444 3567; x_wconf 88' lang='lat' dir='ltr'>Inquiry,”</span> <span class='ocrx_word' id='word_1_150' title='bbox 461 3496 496 3566; x_wconf 86' lang='lat' dir='ltr'>p.</span> <span class='ocrx_word' id='word_1_151' title='bbox 516 3475 589 3566; x_wconf 76' lang='lat'><strong>28.)</strong></span> <span class='ocrx_word' id='word_1_152' title='bbox 633 3469 780 3565; x_wconf 88' lang='lat' dir='ltr'>Aquam</span> <span class='ocrx_word' id='word_1_153' title='bbox 799 3471 893 3567; x_wconf 74' lang='lat' dir='ltr'>ealce</span> <span class='ocrx_word' id='word_1_154' title='bbox 910 3471 1096 3557; x_wconf 84' lang='lat' dir='ltr'>imbutam,</span> <span class='ocrx_word' id='word_1_155' title='bbox 1114 3474 1288 3573; x_wconf 80' lang='lat' dir='ltr'>relmag-</span> 
     </span>
     <span class='ocr_line' id='line_1_24' title="bbox 263 3587 1289 3687; baseline 0.002 -22"><span class='ocrx_word' id='word_1_156' title='bbox 263 3591 403 3665; x_wconf 80' lang='lat' dir='ltr'>mesiam</span> <span class='ocrx_word' id='word_1_157' title='bbox 420 3588 548 3662; x_wconf 81' lang='lat' dir='ltr'>medici</span> <span class='ocrx_word' id='word_1_158' title='bbox 566 3588 639 3662; x_wconf 85' lang='lat' dir='ltr'>sola</span> <span class='ocrx_word' id='word_1_159' title='bbox 655 3613 729 3662; x_wconf 87' lang='lat' dir='ltr'>esse</span> <span class='ocrx_word' id='word_1_160' title='bbox 746 3589 900 3662; x_wconf 85' lang='lat' dir='ltr'>remedia</span> <span class='ocrx_word' id='word_1_161' title='bbox 917 3587 1086 3664; x_wconf 84' lang='lat' dir='ltr'>facultate</span> <span class='ocrx_word' id='word_1_162' title='bbox 1108 3589 1214 3687; x_wconf 88' lang='lat' dir='ltr'>hujus</span> <span class='ocrx_word' id='word_1_163' title='bbox 1231 3619 1289 3667; x_wconf 86' lang='lat' dir='ltr'>re·</span> 
     </span>
     <span class='ocr_line' id='line_1_25' title="bbox 263 3706 1289 3793; baseline 0.002 -10"><span class='ocrx_word' id='word_1_164' title='bbox 263 3712 348 3784; x_wconf 89' lang='lat' dir='ltr'>neni</span> <span class='ocrx_word' id='word_1_165' title='bbox 364 3709 493 3785; x_wconf 82' lang='lat' dir='ltr'>actioni</span> <span class='ocrx_word' id='word_1_166' title='bbox 511 3708 686 3793; x_wconf 85' lang='lat' dir='ltr'>obstandi,</span> <span class='ocrx_word' id='word_1_167' title='bbox 704 3732 772 3780; x_wconf 90' lang='lat' dir='ltr'>usu</span> <span class='ocrx_word' id='word_1_168' title='bbox 789 3707 1010 3780; x_wconf 80' lang='lat' dir='ltr'>didicerunt:</span> <span class='ocrx_word' id='word_1_169' title='bbox 1044 3706 1177 3783; x_wconf 74' lang='lat' dir='ltr'>enolae</span> <span class='ocrx_word' id='word_1_170' title='bbox 1192 3713 1289 3785; x_wconf 90' lang='lat' dir='ltr'>enim</span> 
     </span>
     <span class='ocr_line' id='line_1_26' title="bbox 267 3814 1289 3927; baseline 0.005 -26"><span class='ocrx_word' id='word_1_171' title='bbox 267 3829 370 3902; x_wconf 81' lang='lat' dir='ltr'>caleis</span> <span class='ocrx_word' id='word_1_172' title='bbox 386 3853 487 3923; x_wconf 86' lang='lat' dir='ltr'>aqua,</span> <span class='ocrx_word' id='word_1_173' title='bbox 512 3827 660 3923; x_wconf 86' lang='lat' dir='ltr'>ideoque</span> <span class='ocrx_word' id='word_1_174' title='bbox 677 3814 863 3899; x_wconf 76' lang='lat' dir='ltr'>ventriculi</span> <span class='ocrx_word' id='word_1_175' title='bbox 881 3850 1013 3914; x_wconf 84' lang='lat' dir='ltr'>succus,</span> <span class='ocrx_word' id='word_1_176' title='bbox 1027 3827 1212 3927; x_wconf 74' lang='lat' dir='ltr'>dissolvere</span> <span class='ocrx_word' id='word_1_177' title='bbox 1227 3857 1289 3906; x_wconf 90' lang='lat' dir='ltr'>ne-</span> 
     </span>
     <span class='ocr_line' id='line_1_27' title="bbox 264 3943 1287 4046; baseline 0.006 -26"><span class='ocrx_word' id='word_1_178' title='bbox 264 3948 363 4045; x_wconf 88' lang='lat' dir='ltr'>quit:</span> <span class='ocrx_word' id='word_1_179' title='bbox 389 3943 591 4042; x_wconf 80' lang='lat' dir='ltr'>omalaaque</span> <span class='ocrx_word' id='word_1_180' title='bbox 608 3944 823 4044; x_wconf 78' lang='lat' dir='ltr'>magnesiae</span> <span class='ocrx_word' id='word_1_181' title='bbox 839 3948 900 4019; x_wconf 81' lang='lat' dir='ltr'>rix</span> <span class='ocrx_word' id='word_1_182' title='bbox 925 3959 962 4021; x_wconf 91' lang='lat' dir='ltr'>et</span> <span class='ocrx_word' id='word_1_183' title='bbox 978 3973 1080 4046; x_wconf 84' lang='lat' dir='ltr'>parce</span> <span class='ocrx_word' id='word_1_184' title='bbox 1101 3951 1145 4022; x_wconf 84' lang='lat' dir='ltr'>ab</span> <span class='ocrx_word' id='word_1_185' title='bbox 1161 3951 1287 4026; x_wconf 87' lang='lat' dir='ltr'>iisdem</span> 
     </span>
     <span class='ocr_line' id='line_1_28' title="bbox 265 4064 1287 4160; baseline 0.007 -21"><span class='ocrx_word' id='word_1_186' title='bbox 265 4066 422 4141; x_wconf 87' lang='lat' dir='ltr'>solvitur.</span> <span class='ocrx_word' id='word_1_187' title='bbox 476 4065 570 4138; x_wconf 85' lang='lat' dir='ltr'>Satis</span> <span class='ocrx_word' id='word_1_188' title='bbox 599 4064 752 4160; x_wconf 89' lang='lat' dir='ltr'>denique</span> <span class='ocrx_word' id='word_1_189' title='bbox 781 4068 955 4152; x_wconf 85' lang='lat' dir='ltr'>convenit,</span> <span class='ocrx_word' id='word_1_190' title='bbox 985 4093 1040 4141; x_wconf 88' lang='lat' dir='ltr'>res</span> <span class='ocrx_word' id='word_1_191' title='bbox 1068 4067 1142 4143; x_wconf 88' lang='lat' dir='ltr'>fere</span> <span class='ocrx_word' id='word_1_192' title='bbox 1168 4095 1287 4145; x_wconf 88' lang='lat' dir='ltr'>omnes</span> 
     </span>
     <span class='ocr_line' id='line_1_29' title="bbox 266 4183 1288 4281; baseline 0.003 -24"><span class='ocrx_word' id='word_1_193' title='bbox 266 4195 454 4269; x_wconf 80' lang='lat' dir='ltr'>concretas,</span> <span class='ocrx_word' id='word_1_194' title='bbox 471 4193 535 4256; x_wconf 84' lang='lat' dir='ltr'>aut</span> <span class='ocrx_word' id='word_1_195' title='bbox 553 4207 643 4278; x_wconf 87' lang='lat' dir='ltr'>quae</span> <span class='ocrx_word' id='word_1_196' title='bbox 659 4183 719 4254; x_wconf 88' lang='lat' dir='ltr'>vix</span> <span class='ocrx_word' id='word_1_197' title='bbox 737 4193 800 4256; x_wconf 87' lang='lat' dir='ltr'>aut</span> <span class='ocrx_word' id='word_1_198' title='bbox 815 4208 862 4258; x_wconf 91' lang='lat' dir='ltr'>ne</span> <span class='ocrx_word' id='word_1_199' title='bbox 879 4184 939 4256; x_wconf 84' lang='lat' dir='ltr'>vix</span> <span class='ocrx_word' id='word_1_200' title='bbox 956 4183 1099 4281; x_wconf 88' lang='lat' dir='ltr'>quidem</span> <span class='ocrx_word' id='word_1_201' title='bbox 1125 4184 1288 4261; x_wconf 79' lang='lat' dir='ltr'>laticibus</span> 
     </span>
     <span class='ocr_line' id='line_1_30' title="bbox 269 4301 1290 4400; baseline 0.004 -24"><span class='ocrx_word' id='word_1_202' title='bbox 269 4304 406 4400; x_wconf 85' lang='lat' dir='ltr'>aquosis</span> <span class='ocrx_word' id='word_1_203' title='bbox 423 4302 620 4391; x_wconf 85' lang='lat' dir='ltr'>solvuntur,</span> <span class='ocrx_word' id='word_1_204' title='bbox 646 4301 840 4376; x_wconf 83' lang='lat' dir='ltr'>ventriculo</span> <span class='ocrx_word' id='word_1_205' title='bbox 864 4303 1027 4388; x_wconf 80' lang='lat' dir='ltr'>inclusas,</span> <span class='ocrx_word' id='word_1_206' title='bbox 1053 4301 1109 4377; x_wconf 89' lang='lat' dir='ltr'>vel</span> <span class='ocrx_word' id='word_1_207' title='bbox 1135 4303 1290 4380; x_wconf 86' lang='lat' dir='ltr'>tardissi-</span> 
     </span>
    </p>
   </div>
   <div class='ocr_carea' id='block_1_5' title="bbox 0 0 1690 5188">
    <p class='ocr_par' dir='ltr' id='par_1_5' title="bbox 0 0 1690 5188">
     <span class='ocr_line' id='line_1_31' title="bbox 0 0 1690 5188; baseline 0 0"><span class='ocrx_word' id='word_1_208' title='bbox 0 0 1690 5188; x_wconf 95' lang='lat' dir='ltr'> </span> 
     </span>
    </p>
   </div>
  </div>
 </body>
</html>
