<?xml version="1.0" encoding="UTF-8"?>
<!DOCTYPE html PUBLIC "-//W3C//DTD XHTML 1.0 Transitional//EN"
    "http://www.w3.org/TR/xhtml1/DTD/xhtml1-transitional.dtd">
<html xmlns="http://www.w3.org/1999/xhtml" xml:lang="en" lang="en">
 <head>
  <title>
</title>
<meta http-equiv="Content-Type" content="text/html;charset=utf-8" />
  <meta name='ocr-system' content='tesseract 3.04.00' />
  <meta name='ocr-capabilities' content='ocr_page ocr_carea ocr_par ocr_line ocrx_word'/>
</head>
<body>
  <div class='ocr_page' id='page_1' title='image "./morborumdefinit01hawlgoog_0352.png"; bbox 0 0 3276 5194; ppageno 0'>
   <div class='ocr_carea' id='block_1_1' title="bbox 532 444 1271 518">
    <p class='ocr_par' dir='ltr' id='par_1_1' title="bbox 532 444 1271 518">
     <span class='ocr_line' id='line_1_1' title="bbox 532 444 1271 518; baseline 0.008 -8"><span class='ocrx_word' id='word_1_1' title='bbox 532 459 589 511; x_wconf 82' lang='lat' dir='ltr'>na</span> <span class='ocrx_word' id='word_1_2' title='bbox 607 458 782 511; x_wconf 82' lang='lat' dir='ltr'>vnunuo</span> <span class='ocrx_word' id='word_1_3' title='bbox 800 458 990 512; x_wconf 78' lang='lat' dir='ltr'>nonnam.</span> <span class='ocrx_word' id='word_1_4' title='bbox 1196 444 1271 518; x_wconf 75' lang='lat'>339</span> 
     </span>
    </p>
   </div>
   <div class='ocr_carea' id='block_1_2' title="bbox 388 730 1124 831">
    <p class='ocr_par' dir='ltr' id='par_1_2' title="bbox 388 730 1124 831">
     <span class='ocr_line' id='line_1_2' title="bbox 388 730 1124 831; baseline -0.005 -26"><span class='ocrx_word' id='word_1_5' title='bbox 388 739 558 805; x_wconf 83' lang='lat' dir='ltr'><strong>CCCLII.</strong></span> <span class='ocrx_word' id='word_1_6' title='bbox 605 739 670 803; x_wconf 85' lang='lat' dir='ltr'>DE</span> <span class='ocrx_word' id='word_1_7' title='bbox 693 738 884 831; x_wconf 78' lang='lat' dir='ltr'><strong>VENENO</strong></span> <span class='ocrx_word' id='word_1_8' title='bbox 906 730 1124 803; x_wconf 82' lang='lat' dir='ltr'><strong>COLUBRI.</strong></span> 
     </span>
    </p>
   </div>
   <div class='ocr_carea' id='block_1_3' title="bbox 244 924 1268 1147">
    <p class='ocr_par' dir='ltr' id='par_1_3' title="bbox 244 924 1268 1147">
     <span class='ocr_line' id='line_1_3' title="bbox 296 924 1268 1027; baseline 0 -21"><span class='ocrx_word' id='word_1_9' title='bbox 296 933 529 1006; x_wconf 85' lang='lat' dir='ltr'>Colubrorum</span> <span class='ocrx_word' id='word_1_10' title='bbox 552 924 714 1005; x_wconf 77' lang='lat' dir='ltr'>saucius</span> <span class='ocrx_word' id='word_1_11' title='bbox 739 933 869 1027; x_wconf 84' lang='lat' dir='ltr'>viginti</span> <span class='ocrx_word' id='word_1_12' title='bbox 894 942 1046 1027; x_wconf 89' lang='lat' dir='ltr'>quatuor</span> <span class='ocrx_word' id='word_1_13' title='bbox 1071 934 1268 1006; x_wconf 83' lang='lat' dir='ltr'>venenandi</span> 
     </span>
     <span class='ocr_line' id='line_1_4' title="bbox 244 1049 1268 1147; baseline -0.004 -20"><span class='ocrx_word' id='word_1_14' title='bbox 244 1051 414 1127; x_wconf 80' lang='lat' dir='ltr'><strong>facultate</strong></span> <span class='ocrx_word' id='word_1_15' title='bbox 429 1051 609 1147; x_wconf 80' lang='lat' dir='ltr'>praeditae</span> <span class='ocrx_word' id='word_1_16' title='bbox 633 1075 706 1125; x_wconf 86' lang='lat' dir='ltr'>esse</span> <span class='ocrx_word' id='word_1_17' title='bbox 722 1049 896 1122; x_wconf 88' lang='lat' dir='ltr'>seruntur.</span> <span class='ocrx_word' id='word_1_18' title='bbox 948 1049 1085 1124; x_wconf 78' lang='lat' dir='ltr'>Gentes</span> <span class='ocrx_word' id='word_1_19' title='bbox 1101 1053 1268 1129; x_wconf 77' lang='lat' dir='ltr'>barbarae</span> 
     </span>
    </p>
   </div>
   <div class='ocr_carea' id='block_1_4' title="bbox 111 1169 1429 1403">
    <p class='ocr_par' dir='ltr' id='par_1_4' title="bbox 111 1169 1429 1403">
     <span class='ocr_line' id='line_1_5' title="bbox 111 1169 1269 1265; baseline 0.001 -24"><span class='ocrx_word' id='word_1_20' title='bbox 111 1247 115 1253; x_wconf 13' lang='grc' dir='ltr'><strong><em>Δ</em></strong></span> <span class='ocrx_word' id='word_1_21' title='bbox 246 1177 283 1241; x_wconf 91' lang='lat' dir='ltr'>et</span> <span class='ocrx_word' id='word_1_22' title='bbox 299 1193 390 1265; x_wconf 90' lang='lat' dir='ltr'>quae</span> <span class='ocrx_word' id='word_1_23' title='bbox 407 1180 515 1242; x_wconf 88' lang='lat' dir='ltr'>terras</span> <span class='ocrx_word' id='word_1_24' title='bbox 532 1169 692 1241; x_wconf 84' lang='lat' dir='ltr'>accolunt</span> <span class='ocrx_word' id='word_1_25' title='bbox 710 1169 837 1241; x_wconf 88' lang='lat' dir='ltr'>circulo</span> <span class='ocrx_word' id='word_1_26' title='bbox 855 1170 1101 1263; x_wconf 80' lang='lat' dir='ltr'>aequinoctiali</span> <span class='ocrx_word' id='word_1_27' title='bbox 1126 1171 1269 1265; x_wconf 85' lang='lat' dir='ltr'>propin-</span> 
     </span>
     <span class='ocr_line' id='line_1_6' title="bbox 246 1286 1429 1403; baseline 0 -43"><span class='ocrx_word' id='word_1_28' title='bbox 246 1311 343 1381; x_wconf 88' lang='lat' dir='ltr'>quas,</span> <span class='ocrx_word' id='word_1_29' title='bbox 365 1286 492 1363; x_wconf 86' lang='lat' dir='ltr'>iisdem</span> <span class='ocrx_word' id='word_1_30' title='bbox 508 1288 730 1382; x_wconf 87' lang='lat' dir='ltr'>potissimum</span> <span class='ocrx_word' id='word_1_31' title='bbox 747 1286 908 1359; x_wconf 86' lang='lat' dir='ltr'>infestari</span> <span class='ocrx_word' id='word_1_32' title='bbox 925 1288 1050 1360; x_wconf 84' lang='lat' dir='ltr'>solent.</span> <span class='ocrx_word' id='word_1_33' title='bbox 1102 1287 1269 1384; x_wconf 80' lang='lat' dir='ltr'>Europae</span> <span class='ocrx_word' id='word_1_34' title='bbox 1314 1288 1316 1293; x_wconf 74' lang='grc'>’</span> <span class='ocrx_word' id='word_1_35' title='bbox 1424 1394 1429 1403; x_wconf 90' lang='lat'>.</span> 
     </span>
    </p>
   </div>
   <div class='ocr_carea' id='block_1_5' title="bbox 229 1404 1333 2324">
    <p class='ocr_par' dir='ltr' id='par_1_5' title="bbox 240 1404 1333 1734">
     <span class='ocr_line' id='line_1_7' title="bbox 244 1404 1269 1500; baseline 0.002 -25"><span class='ocrx_word' id='word_1_36' title='bbox 244 1429 317 1481; x_wconf 92' lang='lat' dir='ltr'>non</span> <span class='ocrx_word' id='word_1_37' title='bbox 345 1405 413 1481; x_wconf 88' lang='lat' dir='ltr'>nisi</span> <span class='ocrx_word' id='word_1_38' title='bbox 426 1456 429 1461; x_wconf 61' lang='grc'>«</span> <span class='ocrx_word' id='word_1_39' title='bbox 444 1406 600 1500; x_wconf 84' lang='lat' dir='ltr'>quinque</span> <span class='ocrx_word' id='word_1_40' title='bbox 626 1406 867 1500; x_wconf 80' lang='lat' dir='ltr'>.contingunt;</span> <span class='ocrx_word' id='word_1_41' title='bbox 901 1404 1046 1489; x_wconf 85' lang='lat' dir='ltr'>scilieet,</span> <span class='ocrx_word' id='word_1_42' title='bbox 1075 1425 1269 1497; x_wconf 75' lang='lat' dir='ltr'>comana</span> 
     </span>
     <span class='ocr_line' id='line_1_8' title="bbox 240 1540 1333 1607; baseline -0.004 -9"><span class='ocrx_word' id='word_1_43' title='bbox 240 1542 364 1606; x_wconf 74' lang='lat' dir='ltr'>asam,</span> <span class='ocrx_word' id='word_1_44' title='bbox 397 1540 588 1603; x_wconf 78' lang='lat' dir='ltr'>coauaaa</span> <span class='ocrx_word' id='word_1_45' title='bbox 619 1543 823 1606; x_wconf 71' lang='lat' dir='ltr'>cenasse,</span> <span class='ocrx_word' id='word_1_46' title='bbox 852 1540 1045 1594; x_wconf 76' lang='lat' dir='ltr'>coauana</span> <span class='ocrx_word' id='word_1_47' title='bbox 1072 1543 1267 1607; x_wconf 70' lang='lat' dir='ltr'>raesens,</span> <span class='ocrx_word' id='word_1_48' title='bbox 1329 1574 1333 1581; x_wconf 63' lang='grc'><em>«</em></span> 
     </span>
     <span class='ocr_line' id='line_1_9' title="bbox 245 1651 1185 1734; baseline 0.001 -23"><span class='ocrx_word' id='word_1_49' title='bbox 245 1660 436 1713; x_wconf 79' lang='lat' dir='ltr'>conuaua</span> <span class='ocrx_word' id='word_1_50' title='bbox 455 1660 691 1725; x_wconf 71' lang='lat' dir='ltr'>ruiramus,</span> <span class='ocrx_word' id='word_1_51' title='bbox 708 1651 815 1734; x_wconf 88' lang='lat' dir='ltr'>atque</span> <span class='ocrx_word' id='word_1_52' title='bbox 832 1659 1025 1715; x_wconf 77' lang='lat' dir='ltr'>coauauu</span> <span class='ocrx_word' id='word_1_53' title='bbox 1042 1661 1185 1731; x_wconf 79' lang='lat' dir='ltr'>anans</span> 
     </span>
    </p>

    <p class='ocr_par' dir='ltr' id='par_1_6' title="bbox 229 1749 1307 2324">
     <span class='ocr_line' id='line_1_10' title="bbox 229 1749 1270 1856; baseline -0.005 -21"><span class='ocrx_word' id='word_1_54' title='bbox 229 1851 237 1856; x_wconf 19' lang='grc' dir='ltr'><strong><em>ι</em></strong></span> <span class='ocrx_word' id='word_1_55' title='bbox 303 1756 447 1835; x_wconf 90' lang='lat' dir='ltr'>Horum</span> <span class='ocrx_word' id='word_1_56' title='bbox 483 1758 642 1833; x_wconf 89' lang='lat' dir='ltr'>omniurn</span> <span class='ocrx_word' id='word_1_57' title='bbox 676 1749 861 1831; x_wconf 81' lang='lat' dir='ltr'>commune</span> <span class='ocrx_word' id='word_1_58' title='bbox 893 1768 959 1843; x_wconf 88' lang='lat' dir='ltr'>est,</span> <span class='ocrx_word' id='word_1_59' title='bbox 990 1758 1080 1831; x_wconf 88' lang='lat' dir='ltr'>duas</span> <span class='ocrx_word' id='word_1_60' title='bbox 1111 1757 1270 1855; x_wconf 73' lang='lat' dir='ltr'><strong>capsulas</strong></span> 
     </span>
     <span class='ocr_line' id='line_1_11' title="bbox 244 1873 1269 1972; baseline -0.003 -21"><span class='ocrx_word' id='word_1_61' title='bbox 244 1873 410 1953; x_wconf 79' lang='lat' dir='ltr'>maxillae</span> <span class='ocrx_word' id='word_1_62' title='bbox 425 1875 593 1971; x_wconf 78' lang='lat' dir='ltr'>superiori</span> <span class='ocrx_word' id='word_1_63' title='bbox 612 1876 795 1970; x_wconf 84' lang='lat' dir='ltr'>subjectas,</span> <span class='ocrx_word' id='word_1_64' title='bbox 818 1899 926 1947; x_wconf 89' lang='lat' dir='ltr'>unam</span> <span class='ocrx_word' id='word_1_65' title='bbox 948 1900 1076 1972; x_wconf 83' lang='lat' dir='ltr'>nempe</span> <span class='ocrx_word' id='word_1_66' title='bbox 1099 1876 1269 1972; x_wconf 81' lang='lat' dir='ltr'>utrinqne</span> 
     </span>
     <span class='ocr_line' id='line_1_12' title="bbox 243 1991 1268 2088; baseline 0 -23"><span class='ocrx_word' id='word_1_67' title='bbox 243 1993 360 2086; x_wconf 84' lang='lat' dir='ltr'>sitam,</span> <span class='ocrx_word' id='word_1_68' title='bbox 376 2016 510 2087; x_wconf 79' lang='lat' dir='ltr'>veneno</span> <span class='ocrx_word' id='word_1_69' title='bbox 526 1992 648 2088; x_wconf 86' lang='lat' dir='ltr'>plenas</span> <span class='ocrx_word' id='word_1_70' title='bbox 665 2017 760 2079; x_wconf 82' lang='lat' dir='ltr'>esse3</span> <span class='ocrx_word' id='word_1_71' title='bbox 787 1991 936 2088; x_wconf 78' lang='lat' dir='ltr'>glandes</span> <span class='ocrx_word' id='word_1_72' title='bbox 959 1991 1049 2065; x_wconf 89' lang='lat' dir='ltr'>duas</span> <span class='ocrx_word' id='word_1_73' title='bbox 1064 1993 1175 2066; x_wconf 81' lang='lat' dir='ltr'>orariis</span> <span class='ocrx_word' id='word_1_74' title='bbox 1189 2019 1268 2088; x_wconf 85' lang='lat' dir='ltr'>pro-</span> 
     </span>
     <span class='ocr_line' id='line_1_13' title="bbox 242 2109 1307 2204; baseline 0.001 -22"><span class='ocrx_word' id='word_1_75' title='bbox 242 2112 355 2185; x_wconf 85' lang='lat' dir='ltr'>ximas</span> <span class='ocrx_word' id='word_1_76' title='bbox 371 2110 410 2187; x_wconf 90' lang='lat' dir='ltr'>id</span> <span class='ocrx_word' id='word_1_77' title='bbox 428 2135 625 2195; x_wconf 81' lang='lat' dir='ltr'>secernere3</span> <span class='ocrx_word' id='word_1_78' title='bbox 653 2112 824 2204; x_wconf 87' lang='lat' dir='ltr'>binosque</span> <span class='ocrx_word' id='word_1_79' title='bbox 849 2109 988 2182; x_wconf 87' lang='lat' dir='ltr'>canales</span> <span class='ocrx_word' id='word_1_80' title='bbox 1013 2110 1199 2183; x_wconf 87' lang='lat' dir='ltr'>humorem</span> <span class='ocrx_word' id='word_1_81' title='bbox 1219 2113 1267 2193; x_wconf 77' lang='lat' dir='ltr'>ia-</span> <span class='ocrx_word' id='word_1_82' title='bbox 1305 2167 1307 2172; x_wconf 85' lang='lat'><em>.</em></span> 
     </span>
     <span class='ocr_line' id='line_1_14' title="bbox 241 2226 1264 2324; baseline 0.001 -24"><span class='ocrx_word' id='word_1_83' title='bbox 241 2240 318 2302; x_wconf 87' lang='lat' dir='ltr'>tum</span> <span class='ocrx_word' id='word_1_84' title='bbox 346 2227 570 2324; x_wconf 78' lang='lat' dir='ltr'>pestilentem</span> <span class='ocrx_word' id='word_1_85' title='bbox 597 2227 644 2298; x_wconf 87' lang='lat' dir='ltr'>ad</span> <span class='ocrx_word' id='word_1_86' title='bbox 668 2226 825 2324; x_wconf 81' lang='lat' dir='ltr'>capsulas</span> <span class='ocrx_word' id='word_1_87' title='bbox 848 2232 925 2323; x_wconf 80' lang='lat' dir='ltr'>jam</span> <span class='ocrx_word' id='word_1_88' title='bbox 954 2227 1083 2301; x_wconf 85' lang='lat' dir='ltr'>relatas</span> <span class='ocrx_word' id='word_1_89' title='bbox 1109 2228 1264 2311; x_wconf 78' lang='lat' dir='ltr'>deferre:</span> 
     </span>
    </p>
   </div>
   <div class='ocr_carea' id='block_1_6' title="bbox 136 2345 1265 2442">
    <p class='ocr_par' dir='ltr' id='par_1_7' title="bbox 136 2345 1265 2442">
     <span class='ocr_line' id='line_1_15' title="bbox 136 2345 1265 2442; baseline -0.002 -21"><span class='ocrx_word' id='word_1_90' title='bbox 136 2363 139 2367; x_wconf 76' lang='grc'>’</span> <span class='ocrx_word' id='word_1_91' title='bbox 242 2346 448 2441; x_wconf 82' lang='lat' dir='ltr'>quinetiam,</span> <span class='ocrx_word' id='word_1_92' title='bbox 474 2345 639 2419; x_wconf 88' lang='lat' dir='ltr'>maxillae</span> <span class='ocrx_word' id='word_1_93' title='bbox 656 2346 826 2442; x_wconf 84' lang='lat' dir='ltr'>superiori</span> <span class='ocrx_word' id='word_1_94' title='bbox 841 2346 1045 2441; x_wconf 78' lang='lat' dir='ltr'>contingere</span> <span class='ocrx_word' id='word_1_95' title='bbox 1059 2347 1163 2419; x_wconf 89' lang='lat' dir='ltr'>binos</span> <span class='ocrx_word' id='word_1_96' title='bbox 1178 2346 1265 2419; x_wconf 89' lang='lat' dir='ltr'>den-</span> 
     </span>
    </p>
   </div>
   <div class='ocr_carea' id='block_1_7' title="bbox 157 2463 1324 3972">
    <p class='ocr_par' dir='ltr' id='par_1_8' title="bbox 157 2463 1324 3972">
     <span class='ocr_line' id='line_1_16' title="bbox 243 2463 1265 2561; baseline 0.001 -23"><span class='ocrx_word' id='word_1_97' title='bbox 243 2475 296 2541; x_wconf 85' lang='lat' dir='ltr'>tes</span> <span class='ocrx_word' id='word_1_98' title='bbox 313 2476 515 2561; x_wconf 81' lang='lat' dir='ltr'>praeacutos</span> <span class='ocrx_word' id='word_1_99' title='bbox 533 2477 570 2540; x_wconf 89' lang='lat' dir='ltr'>et</span> <span class='ocrx_word' id='word_1_100' title='bbox 587 2490 698 2549; x_wconf 88' lang='lat' dir='ltr'>cavos,</span> <span class='ocrx_word' id='word_1_101' title='bbox 720 2463 990 2536; x_wconf 86' lang='lat' dir='ltr'>canaliculorum</span> <span class='ocrx_word' id='word_1_102' title='bbox 1008 2488 1074 2558; x_wconf 88' lang='lat' dir='ltr'>ope</span> <span class='ocrx_word' id='word_1_103' title='bbox 1088 2488 1167 2539; x_wconf 87' lang='lat' dir='ltr'>cum</span> <span class='ocrx_word' id='word_1_104' title='bbox 1184 2489 1265 2560; x_wconf 87' lang='lat' dir='ltr'>cap-</span> 
     </span>
     <span class='ocr_line' id='line_1_17' title="bbox 242 2578 1265 2678; baseline -0.003 -23"><span class='ocrx_word' id='word_1_105' title='bbox 242 2581 327 2655; x_wconf 90' lang='lat' dir='ltr'>sulis</span> <span class='ocrx_word' id='word_1_106' title='bbox 353 2605 486 2655; x_wconf 87' lang='lat' dir='ltr'>veneno</span> <span class='ocrx_word' id='word_1_107' title='bbox 512 2582 656 2678; x_wconf 86' lang='lat' dir='ltr'>repletis</span> <span class='ocrx_word' id='word_1_108' title='bbox 679 2581 888 2653; x_wconf 77' lang='lat' dir='ltr'>commissos</span> <span class='ocrx_word' id='word_1_109' title='bbox 938 2578 1190 2676; x_wconf 73' lang='lat' dir='ltr'>Hacce&#39;iqitur</span> <span class='ocrx_word' id='word_1_110' title='bbox 1210 2604 1265 2652; x_wconf 85' lang='lat' dir='ltr'>ra-</span> 
     </span>
     <span class='ocr_line' id='line_1_18' title="bbox 157 2685 1262 2792; baseline -0.005 -18"><span class='ocrx_word' id='word_1_111' title='bbox 157 2685 160 2690; x_wconf 25' lang='lat'>·</span> <span class='ocrx_word' id='word_1_112' title='bbox 242 2701 338 2776; x_wconf 89' lang='lat' dir='ltr'>tione</span> <span class='ocrx_word' id='word_1_113' title='bbox 350 2723 525 2773; x_wconf 86' lang='lat' dir='ltr'>venenum</span> <span class='ocrx_word' id='word_1_114' title='bbox 541 2698 639 2771; x_wconf 90' lang='lat' dir='ltr'>istud</span> <span class='ocrx_word' id='word_1_115' title='bbox 650 2696 782 2771; x_wconf 83' lang='lat' dir='ltr'>lethale</span> <span class='ocrx_word' id='word_1_116' title='bbox 795 2699 926 2792; x_wconf 81' lang='lat' dir='ltr'>corpori</span> <span class='ocrx_word' id='word_1_117' title='bbox 942 2695 1100 2768; x_wconf 86' lang='lat' dir='ltr'>humano</span> <span class='ocrx_word' id='word_1_118' title='bbox 1113 2696 1262 2768; x_wconf 83' lang='lat' dir='ltr'>inditur.</span> 
     </span>
     <span class='ocr_line' id='line_1_19' title="bbox 242 2815 1324 2917; baseline -0.002 -28"><span class='ocrx_word' id='word_1_119' title='bbox 242 2815 397 2895; x_wconf 81' lang='lat' dir='ltr'>Calaber</span> <span class='ocrx_word' id='word_1_120' title='bbox 429 2816 613 2891; x_wconf 89' lang='lat' dir='ltr'>mordendi</span> <span class='ocrx_word' id='word_1_121' title='bbox 647 2816 806 2913; x_wconf 85' lang='lat' dir='ltr'>cupidus,</span> <span class='ocrx_word' id='word_1_122' title='bbox 839 2815 1010 2887; x_wconf 87' lang='lat' dir='ltr'>musculis</span> <span class='ocrx_word' id='word_1_123' title='bbox 1038 2815 1265 2887; x_wconf 81' lang='lat' dir='ltr'>maxillarum</span> <span class='ocrx_word' id='word_1_124' title='bbox 1321 2908 1324 2917; x_wconf 17' lang='lat' dir='ltr'>y</span> 
     </span>
     <span class='ocr_line' id='line_1_20' title="bbox 239 2933 1265 3025; baseline -0.002 -19"><span class='ocrx_word' id='word_1_125' title='bbox 239 2935 431 3007; x_wconf 87' lang='lat' dir='ltr'>motoribus</span> <span class='ocrx_word' id='word_1_126' title='bbox 449 2960 484 3008; x_wconf 91' lang='lat' dir='ltr'>se</span> <span class='ocrx_word' id='word_1_127' title='bbox 502 2934 801 3020; x_wconf 88' lang='lat' dir='ltr'>contrahentibus,</span> <span class='ocrx_word' id='word_1_128' title='bbox 812 2934 936 3025; x_wconf 82' lang='lat' dir='ltr'>dentes</span> <span class='ocrx_word' id='word_1_129' title='bbox 949 2943 1055 3005; x_wconf 87' lang='lat' dir='ltr'>antea</span> <span class='ocrx_word' id='word_1_130' title='bbox 1065 2933 1179 3017; x_wconf 81' lang='lat' dir='ltr'>dictos</span> <span class='ocrx_word' id='word_1_131' title='bbox 1189 2934 1265 3017; x_wconf 76' lang='lat' dir='ltr'>cuti</span> 
     </span>
     <span class='ocr_line' id='line_1_21' title="bbox 241 3050 1264 3146; baseline -0.001 -23"><span class='ocrx_word' id='word_1_132' title='bbox 241 3051 405 3145; x_wconf 89' lang='lat' dir='ltr'>carnique</span> <span class='ocrx_word' id='word_1_133' title='bbox 420 3051 560 3146; x_wconf 85' lang='lat' dir='ltr'>infigit:</span> <span class='ocrx_word' id='word_1_134' title='bbox 586 3050 755 3124; x_wconf 83' lang='lat' dir='ltr'>musculis</span> <span class='ocrx_word' id='word_1_135' title='bbox 780 3050 888 3122; x_wconf 88' lang='lat' dir='ltr'>simul</span> <span class='ocrx_word' id='word_1_136' title='bbox 912 3050 1152 3134; x_wconf 87' lang='lat' dir='ltr'>molientibus,</span> <span class='ocrx_word' id='word_1_137' title='bbox 1177 3074 1264 3145; x_wconf 92' lang='lat' dir='ltr'>qno-</span> 
     </span>
     <span class='ocr_line' id='line_1_22' title="bbox 241 3165 1265 3260; baseline 0.001 -23"><span class='ocrx_word' id='word_1_138' title='bbox 241 3190 319 3237; x_wconf 89' lang='lat' dir='ltr'>rum</span> <span class='ocrx_word' id='word_1_139' title='bbox 351 3176 405 3237; x_wconf 91' lang='lat' dir='ltr'>est</span> <span class='ocrx_word' id='word_1_140' title='bbox 433 3166 591 3259; x_wconf 84' lang='lat' dir='ltr'>capsulas</span> <span class='ocrx_word' id='word_1_141' title='bbox 619 3168 702 3238; x_wconf 87' lang='lat' dir='ltr'>tabo</span> <span class='ocrx_word' id='word_1_142' title='bbox 727 3165 872 3238; x_wconf 86' lang='lat' dir='ltr'>refertas</span> <span class='ocrx_word' id='word_1_143' title='bbox 899 3190 1066 3260; x_wconf 90' lang='lat' dir='ltr'>premere,</span> <span class='ocrx_word' id='word_1_144' title='bbox 1088 3189 1265 3238; x_wconf 81' lang='lat' dir='ltr'>venenum</span> 
     </span>
     <span class='ocr_line' id='line_1_23' title="bbox 241 3279 1264 3382; baseline -0.002 -28"><span class='ocrx_word' id='word_1_145' title='bbox 241 3281 338 3354; x_wconf 92' lang='lat' dir='ltr'>illico</span> <span class='ocrx_word' id='word_1_146' title='bbox 352 3302 415 3376; x_wconf 87' lang='lat' dir='ltr'>per</span> <span class='ocrx_word' id='word_1_147' title='bbox 432 3280 674 3382; x_wconf 23' lang='lat' dir='ltr'>dentes-cavos</span> <span class='ocrx_word' id='word_1_148' title='bbox 697 3279 743 3351; x_wconf 90' lang='lat' dir='ltr'>ad</span> <span class='ocrx_word' id='word_1_149' title='bbox 769 3294 905 3376; x_wconf 89' lang='lat' dir='ltr'>partem</span> <span class='ocrx_word' id='word_1_150' title='bbox 932 3280 1124 3351; x_wconf 82' lang='lat' dir='ltr'>sauciatam</span> <span class='ocrx_word' id='word_1_151' title='bbox 1149 3292 1264 3352; x_wconf 86' lang='lat' dir='ltr'>trans·</span> 
     </span>
     <span class='ocr_line' id='line_1_24' title="bbox 241 3397 1304 3497; baseline -0.003 -24"><span class='ocrx_word' id='word_1_152' title='bbox 241 3399 375 3484; x_wconf 84' lang='lat' dir='ltr'>fertur3</span> <span class='ocrx_word' id='word_1_153' title='bbox 401 3423 515 3493; x_wconf 92' lang='lat' dir='ltr'>neque</span> <span class='ocrx_word' id='word_1_154' title='bbox 531 3399 667 3470; x_wconf 87' lang='lat' dir='ltr'>ratione</span> <span class='ocrx_word' id='word_1_155' title='bbox 682 3397 767 3470; x_wconf 86' lang='lat' dir='ltr'>huic</span> <span class='ocrx_word' id='word_1_156' title='bbox 782 3397 947 3483; x_wconf 87' lang='lat' dir='ltr'>absimili,</span> <span class='ocrx_word' id='word_1_157' title='bbox 966 3421 1049 3497; x_wconf 84' lang='lat' dir='ltr'>apes</span> <span class='ocrx_word' id='word_1_158' title='bbox 1064 3406 1173 3493; x_wconf 87' lang='lat' dir='ltr'>atque</span> <span class='ocrx_word' id='word_1_159' title='bbox 1187 3422 1264 3470; x_wconf 83' lang='lat' dir='ltr'>ves-</span> <span class='ocrx_word' id='word_1_160' title='bbox 1300 3479 1304 3485; x_wconf 81' lang='lat'><em>.</em></span> 
     </span>
     <span class='ocr_line' id='line_1_25' title="bbox 241 3512 1265 3615; baseline -0.007 -24"><span class='ocrx_word' id='word_1_161' title='bbox 241 3542 307 3615; x_wconf 87' lang='lat' dir='ltr'>pae</span> <span class='ocrx_word' id='word_1_162' title='bbox 337 3516 483 3591; x_wconf 86' lang='lat' dir='ltr'>venenis</span> <span class='ocrx_word' id='word_1_163' title='bbox 511 3517 659 3613; x_wconf 85' lang='lat' dir='ltr'>propriis</span> <span class='ocrx_word' id='word_1_164' title='bbox 691 3514 871 3587; x_wconf 89' lang='lat' dir='ltr'>hominem</span> <span class='ocrx_word' id='word_1_165' title='bbox 899 3515 1101 3611; x_wconf 80' lang='lat' dir='ltr'>inquinant</span> <span class='ocrx_word' id='word_1_166' title='bbox 1160 3512 1265 3607; x_wconf 85' lang='lat' dir='ltr'>Hinc</span> 
     </span>
     <span class='ocr_line' id='line_1_26' title="bbox 243 3622 1263 3731; baseline -0.005 -23"><span class='ocrx_word' id='word_1_167' title='bbox 243 3622 471 3731; x_wconf 83' lang='lat' dir='ltr'>manifestam</span> <span class='ocrx_word' id='word_1_168' title='bbox 487 3644 554 3720; x_wconf 88' lang='lat' dir='ltr'>est,</span> <span class='ocrx_word' id='word_1_169' title='bbox 579 3633 809 3706; x_wconf 83' lang='lat' dir='ltr'>foraminibus</span> <span class='ocrx_word' id='word_1_170' title='bbox 825 3632 987 3729; x_wconf 88' lang='lat' dir='ltr'>dentium</span> <span class='ocrx_word' id='word_1_171' title='bbox 1004 3657 1083 3704; x_wconf 87' lang='lat' dir='ltr'>cera</span> <span class='ocrx_word' id='word_1_172' title='bbox 1097 3631 1263 3727; x_wconf 74' lang='lat' dir='ltr'>elicuere</span> 
     </span>
     <span class='ocr_line' id='line_1_27' title="bbox 243 3733 1264 3857; baseline 0 -34"><span class='ocrx_word' id='word_1_173' title='bbox 243 3733 444 3857; x_wconf 83' lang='lat' dir='ltr'>istiusmodi</span> <span class='ocrx_word' id='word_1_174' title='bbox 464 3755 667 3855; x_wconf 83' lang='lat' dir='ltr'>obcaecatis,</span> <span class='ocrx_word' id='word_1_175' title='bbox 693 3751 874 3827; x_wconf 88' lang='lat' dir='ltr'>colubrum</span> <span class='ocrx_word' id='word_1_176' title='bbox 890 3752 978 3847; x_wconf 85' lang='lat' dir='ltr'>citra</span> <span class='ocrx_word' id='word_1_177' title='bbox 993 3751 1183 3848; x_wconf 82' lang='lat' dir='ltr'>perniciem</span> <span class='ocrx_word' id='word_1_178' title='bbox 1199 3750 1264 3841; x_wconf 83' lang='lat' dir='ltr'>ali-</span> 
     </span>
     <span class='ocr_line' id='line_1_28' title="bbox 243 3856 1158 3972; baseline 0.001 -31"><span class='ocrx_word' id='word_1_179' title='bbox 243 3892 350 3972; x_wconf 81' lang='lat' dir='ltr'>quem</span> <span class='ocrx_word' id='word_1_180' title='bbox 366 3868 534 3945; x_wconf 83' lang='lat' dir='ltr'>mordere.</span> <span class='ocrx_word' id='word_1_181' title='bbox 1154 3856 1158 3867; x_wconf 77' lang='grc'><strong>’</strong></span> 
     </span>
    </p>
   </div>
   <div class='ocr_carea' id='block_1_8' title="bbox 969 4053 1042 4146">
    <p class='ocr_par' dir='ltr' id='par_1_9' title="bbox 969 4053 1042 4146">
     <span class='ocr_line' id='line_1_29' title="bbox 969 4053 1042 4146; baseline 0 0"><span class='ocrx_word' id='word_1_182' title='bbox 969 4053 1042 4146; x_wconf 79' lang='lat' dir='ltr'>ra</span> 
     </span>
    </p>
   </div>
   <div class='ocr_carea' id='block_1_9' title="bbox 0 0 1642 5194">
    <p class='ocr_par' dir='ltr' id='par_1_10' title="bbox 0 0 1642 5194">
     <span class='ocr_line' id='line_1_30' title="bbox 0 0 1642 5194; baseline 0 1"><span class='ocrx_word' id='word_1_183' title='bbox 0 0 1642 5194; x_wconf 95' lang='lat' dir='ltr'> </span> 
     </span>
    </p>
   </div>
  </div>
 </body>
</html>
