3342 5208
399 562 470 640 168
621 568 1183 642 ANOHYLOSISIMPERFECTA.

395 771 466 823 tus:
491 778 613 823 summa
627 756 705 822 tibia
718 760 811 822 dolet.
857 760 958 823 Dolor
971 759 1052 823 inter
1066 759 1292 824 ambulandum
1315 785 1352 824 eo
1372 782 1423 827 us-

392 884 456 948 que
470 874 616 949 augetur,
632 874 668 926 ut
683 883 778 948 aegro
791 884 853 925 non
870 862 928 925 nisi
943 863 1086 949 pollinem
1101 863 1191 948 pedis
1205 864 1303 926 humo
1316 864 1423 930 admo-

394 991 466 1033 vere
490 970 600 1032 liceat:
632 988 697 1053 quo
718 967 754 1049 fit
777 981 814 1032 ut
834 988 918 1054 genu
941 981 1064 1060 praetea
1084 981 1229 1032 naturam
1253 969 1419 1045 dentatum

393 1085 425 1137 et
447 1074 573 1138 tandem
594 1087 682 1137 artus
702 1074 829 1136 omnino
850 1074 977 1137 extendi
996 1087 1138 1159 nequeat.
1184 1076 1278 1139 Genu
1293 1075 1422 1163 demum

393 1176 582 1258 exulcerato,
597 1203 659 1267 pus
671 1201 728 1265 per
742 1176 843 1244 multa
856 1180 1009 1244 foramina
1025 1203 1081 1245 sua
1096 1192 1205 1267 sponte
1224 1182 1419 1256 exoemitur3

393 1298 489 1373 atque
503 1284 600 1349 febris
614 1287 730 1375 hectico
744 1284 838 1347 simul
852 1298 982 1348 exercet.

446 1413 495 1476 N.
505 1412 656 1476 B.-Hic
670 1413 809 1487 morbus,
824 1411 912 1495 quod
922 1411 964 1474 ad
974 1433 1099 1499 causam
1110 1412 1328 1489 continentem,
1340 1434 1421 1475 mor-

543 1520 586 1582 bo
601 1520 729 1582 coaario
743 1517 842 1585 affinis
857 1530 922 1592 est;
947 1518 1019 1581 sede
1033 1517 1174 1604 profacto
1187 1517 1317 1583 diversa
1356 1519 1421 1582 Mi-

544 1645 605 1685 nus
620 1622 764 1707 equidem
779 1621 926 1707 perniciei
939 1610 1024 1685 ¹vitae
1044 1622 1103 1708 ipsi
1119 1621 1302 1694 minitatum
1327 1622 1421 1707 siqui-

546 1728 617 1792 dem
632 1740 736 1791 artnm
751 1728 833 1790 inter
848 1749 932 1813 genu
948 1740 978 1790 et
994 1749 1104 1793 ooxam
1126 1727 1256 1815 impune
1278 1726 1421 1795 excidere

543 1833 623 1895 licet.

480 2148 655 2216 CXCVII.
686 2150 987 2215 ANCHYLOSIS
1010 2150 1332 2216 IMPERFECTA.

442 2333 834 2407 DEF1N1T10.-Duo
851 2360 937 2421 ossa,
954 2335 1091 2430 saepius
1108 2345 1259 2418 artuum,
1276 2345 1414 2430 praeter

394 2463 558 2526 naturam
575 2455 724 2525 invicem
743 2452 975 2538 cohaerentia,
1001 2455 1046 2526 ob
1063 2453 1286 2548 cartilagines
1303 2454 1413 2526 obdu-

393 2580 512 2644 centes
527 2570 784 2657 inflammatas3
812 2571 906 2644 unde
930 2581 1047 2644 motus
1065 2569 1187 2643 solitus
1204 2572 1246 2643 fit
1261 2570 1415 2643 difficilis

392 2698 456 2763 aut
472 2688 602 2763 nullus.

458 2905 715 2979 Anonrnosis
742 2905 1266 2981 enumera—Dnmnfflo.
1324 2905 1413 2978 Duo

392 3048 478 3107 oasa,
504 3034 646 3096 artuum
664 3022 745 3106 fere,
771 3024 921 3094 invicem
938 3047 1040 3105 nexa,
1057 3023 1101 3092 ob
1118 3021 1276 3115 capsulas
1291 3024 1330 3093 in
1348 3047 1411 3094 na·
1487 3053 1491 3060 ·

391 3154 508 3214 turam
525 3166 655 3213 osseam
675 3164 863 3224 conversas,
889 3150 995 3236 atque
1020 3140 1114 3211 inter
1131 3163 1167 3210 se
1188 3140 1410 3211 commissas:

392 3285 461 3355 quo
487 3262 530 3332 fit
555 3272 597 3332 ut
622 3269 720 3332 artus
743 3258 891 3331 affectus
913 3280 1051 3354 prorsus
1068 3282 1104 3329 se
1121 3257 1285 3329 movendi
1302 3258 1413 3353 impo-

391 3388 469 3450 tens
486 3378 559 3449 fiat.

332 3541 336 3545 ·
454 3514 499 3579 N.
516 3514 822 3579 B.-Ancnvnos1s
839 3516 892 3578 vix
914 3537 1055 3600 unquam
1077 3513 1207 3578 morbus
1228 3525 1273 3576 est
1296 3515 1415 3599 idiopa-

540 3620 660 3683 titicus:
684 3633 716 3682 at
727 3619 792 3683 fere
805 3622 1072 3700 rheumatismum,
1087 3621 1227 3685 morbum
1241 3619 1415 3696 somarium,

541 3727 594 3791 &o
610 3726 734 3815 excipit.
