3276 5194
407 534 410 539 Δ
461 573 521 624 nn.
536 572 664 625 nemo
682 562 1029 636 nunnocnnnmm
1048 555 1104 625 &a
1221 562 1296 634 307

267 722 421 823 stimulis
437 748 656 833 ministratis,
683 745 788 821 homo
811 759 951 845 stupere
974 756 1118 844 perstat,
1144 771 1289 844 raroque

265 868 420 963 graviter
438 877 474 939 et
491 864 682 938 difficulter
698 864 854 950 anhelat,
879 865 990 962 panni
1005 864 1099 936 lanei
1116 888 1207 969 aqua
1222 863 1290 936 feru

265 994 370 1056 vente
398 982 587 1056 madefacti
618 984 708 1054 circa
731 982 967 1055 ventriculum
992 981 1207 1078 imponendi,
1233 983 1290 1055 vel

263 1102 355 1174 ictus
371 1098 532 1174 electrina·
556 1102 602 1172 ab
618 1101 741 1173 eadem
762 1110 863 1196 parte
880 1100 1052 1172 eliciendi.
1105 1099 1289 1196 Quicquid

264 1215 360 1287 eni-m
390 1214 626 1287 ventriculum
652 1213 834 1301 refocillat,
861 1214 1017 1312 spirandi
1042 1216 1287 1289 instrumentis

262 1333 408 1406 stimulo
437 1344 491 1407 est
515 1334 759 1430 praepotenti:
794 1333 949 1418 fortasse,
975 1359 1016 1406 eo
1042 1332 1136 1427 quod
1161 1333 1286 1406 incita-

263 1463 384 1524 menta
409 1454 442 1525 ei
460 1453 582 1525 visceri
599 1453 742 1526 admma
764 1478 911 1525 nervum
928 1476 1057 1546 vagum
1084 1452 1198 1524 cient:
1225 1453 1287 1547 qui

262 1569 449 1659 yentriculi
467 1570 639 1642 actionem
653 1574 778 1664 juvare
791 1569 941 1653 videtur,
954 1592 1025 1639 non
1039 1578 1134 1640 recta
1150 1593 1211 1663 pec
1228 1594 1284 1650 sc3

262 1696 300 1757 at
324 1688 442 1782 potius
467 1687 661 1772 indirecte3
690 1713 809 1759 eorum
834 1685 1082 1772 musculorum,
1108 1688 1170 1781 qui
1187 1687 1287 1783 spiri-

261 1803 316 1875 tui
333 1801 507 1888 dicantur,
525 1803 730 1877 ministerio.
782 1804 884 1876 Hinc
900 1814 1012 1899 patet,
1039 1784 1100 1876 cin
1122 1802 1209 1877 haec
1233 1828 1286 1876 re-

260 1921 377 1994 media
403 1923 441 1993 in
464 1943 718 1995 ASPHYXIAM
742 1923 982 1995 valentissima
1007 1924 1089 1996 sint.
1140 1921 1207 1995 Ad
1233 1947 1285 1994 so-

260 2063 379 2134 porem
404 2060 506 2134 porro
531 2039 731 2124 arcendum,
762 2065 883 2135 corpus
903 2040 1099 2136 exagitare,
1129 2049 1165 2112 et
1191 2064 1285 2110 sum-

163 2142 167 2151 ’
260 2161 353 2227 mam
371 2165 488 2227 cutem
505 2155 704 2228 tabefacere
721 2167 783 2228 aut
799 2180 967 2251 pungere,
980 2158 1132 2249 juvabit.
1174 2155 1213 2227 Si
1230 2181 1284 2228 ar·

259 2282 318 2343 tus
328 2271 472 2367 frigent,
488 2297 579 2368 aqna
589 2273 710 2367 tepida
719 2272 861 2346 fovendi
874 2286 967 2345 sunt.
992 2271 1158 2345 Avidum
1174 2273 1284 2347 aceti-

256 2411 341 2460 cum
357 2401 394 2462 et
409 2390 480 2462 alia
495 2373 763 2478 medicamenta,
786 2417 874 2488 quae
891 2392 1072 2465 nonnullis
1087 2391 1211 2490 opium
1227 2419 1283 2466 ac-

258 2507 355 2579 tione
385 2510 524 2605 propria
549 2510 752 2582 obtundere·
770 2493 946 2595 videntne,
971 2535 1109 2604 prorsus
1138 2511 1282 2583 inutilia

256 2636 352 2697 sunt.
685 2644 688 2649 '

253 2929 449 2993 cccxxi
494 2932 558 2996 nn
582 2933 730 2996 Aemo
753 2931 1148 3011 nnnnoeunnmo,
1172 2928 1313 3008 eun-2
1360 2969 1363 2975 ·

306 3058 511 3137 uosnnn,
528 3039 749 3138 onnooun
766 3061 1031 3132 Annonam
1048 3063 1265 3126 ananan

305 3240 466 3312 Acidum
495 3241 821 3339 hydrocynnicum,
852 3247 924 3317 sive
942 3243 1179 3332 berennicem,
1205 3272 1279 3320 om-

252 3357 354 3428 nium
368 3357 514 3430 fortasse
525 3383 736 3431 venenorum
750 3360 1059 3448 luctuosissimum,
1070 3358 1206 3438 certeve
1216 3391 1279 3459 po-

256 3476 495 3549 tentissimum
525 3487 600 3548 est:
635 3477 809 3572 siqnidem
844 3482 919 3573 ejus
951 3481 1177 3552 meracissimi
1207 3506 1279 3556 una

250 3591 325 3667 iere
339 3604 446 3690 gutta
462 3594 605 3691 linguae
622 3594 728 3679 canis,
742 3594 822 3668 felia
848 3607 912 3668 aut
928 3598 1082 3670 cuniculi
1099 3600 1274 3695 imposita,

254 3713 431 3786 enecando
456 3738 530 3810 par.
544 3726 608 3786 est.
661 3713 786 3800 Quum
804 3739 905 3809 porro
928 3713 995 3788 hoo
1016 3741 1192 3791 venenum
1216 3720 1277 3793 ad.
1384 3748 1388 3755 ·

249 3831 400 3904 *modum
414 3848 469 3906 est
485 3833 624 3920 subtile,
637 3859 741 3930 aegre
754 3834 1003 3931 detegendum,
1017 3847 1055 3909 et
1067 3839 1277 3932 quibusdam

253 3946 439 4033 fructibus,
466 3960 528 4022 aut
544 3951 745 4046 plantarum
767 3953 886 4037 succis,
913 3954 976 4049 qui
993 3978 1094 4050 saepe
1110 3956 1277 4054 ingerun-

254 4076 325 4153 tur,
347 4067 529 4153 inhaeret3
556 4068 662 4163 patilo
688 4069 799 4144 fusius
823 4070 869 4146 de
894 4097 935 4145 eo
960 4099 1063 4169 agere
1091 4074 1130 4147 in
1160 4077 1278 4147 animo

252 4194 317 4258 est

1018 4333 1047 4382 u
1065 4321 1088 4383 2
