3326 5188
303 505 360 560 nn
379 504 587 583 amarorum
605 503 788 563 nrusaun
807 490 1144 558 surcanoorrarn.
1198 483 1267 557 261

247 683 385 756 decolor
409 693 472 767 eat,
500 680 629 776 saporis
653 702 820 774 perquam
843 682 954 766 acris3
985 692 1022 755 et
1038 682 1205 755 calefacta
1230 682 1270 753 in

248 824 376 896 aquam
394 823 537 883 meram,
563 815 771 870 ΑΜΜΟΝῙΑ
796 798 834 869 in
857 797 1009 872 sublime
1033 798 1117 884 lata,
1142 798 1270 895 redigi·

250 927 319 990 tur.
353 916 575 991 ΑΜΜΟΝῙΑ
590 915 677 1010 ipsa,
694 917 890 1010 praeparari
906 915 1005 1001 solet,
1021 914 1180 989 mueiote
1197 939 1271 989 aaa

249 1031 391 1127 maniae
407 1043 444 1106 et
461 1031 553 1105 calce
568 1032 663 1104 inter
680 1054 717 1104 ae
733 1032 870 1115 mistim
895 1031 1056 1129 gaaique
1071 1057 1133 1128 per
1148 1057 1270 1130 orgen.
1384 1108 1387 1113 .
1444 1042 1448 1058 ¹

248 1163 327 1224 tum
346 1152 466 1223 vivum
493 1153 661 1244 traject03
691 1172 782 1245 aqua
804 1150 899 1221 enim
924 1149 1026 1225 idem¹
1043 1175 1151 1247 quam
1177 1151 1271 1224 citis-

249 1269 338 1339 aime
353 1262 503 1340 attrahit
519 1276 626 1361 atque
643 1265 755 1339 solvit
807 1266 1028 1340 ΑΜΜΟΝῙΑ
1043 1278 1082 1344 et
1091 1266 1185 1366 gaci
1199 1266 1273 1342 oei·

247 1385 298 1460 do
314 1384 509 1460 muriatico
524 1386 674 1459 invicem
692 1387 817 1472 mistis,
830 1387 873 1458 fit
885 1385 1042 1460 albidum
1061 1399 1271 1472 concretum,

251 1507 397 1593 scilicet,
430 1503 575 1579 marios
607 1505 831 1578 ammoniae:
865 1505 961 1579 unde
985 1505 1111 1579 horum
1134 1509 1273 1604 gasium

250 1624 462 1698 aiterutrum
492 1622 594 1694 facile
623 1622 781 1717 cognosci
805 1632 932 1716 potest.
983 1623 1205 1696 ΑΜΜΟΝῙΑ
1230 1648 1275 1696 ex

250 1738 483 1838 hydrogeaio
508 1751 544 1812 et
573 1736 785 1835 aitmgeaio
811 1736 1055 1836 componitur:
1081 1739 1188 1837 hujus
1211 1765 1275 1814 au-

254 1870 326 1932 tem
343 1859 393 1931 rei
411 1857 621 1931 documenta
637 1858 823 1952 inquirere,
842 1858 996 1932 alienum
1014 1882 1087 1931 esee
1095 1859 1229 1955 judico

305 1977 603 2050 Soneannouas
625 1995 862 2049 numerumn
889 1977 941 2050 sal
967 1989 1021 2052 est
1047 1978 1216 2052 candidus
1239 1990 1276 2053 et

253 2106 445 2181 concretus,
475 2094 596 2168 eodem
622 2094 725 2169 odore
749 2119 850 2168 nares
879 2097 1090 2182 irritaturus,
1107 2119 1275 2193 queam-

189 2274 191 2279 .
256 2233 396 2286 Morum
414 2213 513 2308 ipaa3
544 2210 736 2308 eodemque
752 2236 842 2308 pene
859 2237 1076 2309 saporeque
1093 2214 1278 2289 ammonio

254 2356 345 2427 aqua
361 2330 506 2425 liquata,
524 2353 562 2401 oe
578 2329 793 2416 offensurus:
821 2342 1057 2427 praeparatur,
1076 2358 1121 2406 ex
1136 2332 1277 2408 mariu-

254 2455 292 2520 te
308 2443 511 2517 ammoniae
528 2455 563 2517 et
580 2442 780 2519 cordonare
801 2445 903 2519 calcis
926 2449 1021 2522 inter
1047 2476 1083 2523 se
1108 2452 1224 2524 mistis
1240 2465 1278 2524 et

255 2552 441 2637 calefactio.
492 2560 716 2656 Quocunque
732 2563 930 2636 venenandi
956 2565 1126 2639 facultate
1147 2591 1278 2641 amoto-

254 2681 322 2754 oia
340 2704 436 2752 mera
452 2703 544 2775 aqua
559 2664 730 2753 diesoluta
746 2678 907 2768 donetur,
929 2680 1179 2760 eobcmbooce
1195 2712 1278 2759 ean·

251 2799 347 2884 dem,
364 2798 545 2908 aliquanto
561 2798 738 2870 mitiorem
753 2797 918 2895 profecto,
936 2799 1053 2874 habet.

264 3158 491 3224 CCLXXVI.
515 3160 580 3223 DE
605 3158 759 3223 SIGNIS
782 3162 1018 3228 ΑΜΜΟΝῙΑ
1040 3165 1132 3230 VEL
1155 3166 1269 3234 EJUS

337 3283 717 3348 SUBCARBONATE
742 3285 947 3350 INGESTO
970 3290 1127 3370 NATIS‚
1151 3296 1204 3357 dcc.

308 3465 348 3540 si
363 3465 444 3562 'quis
460 3466 641 3561 ingentem
663 3467 796 3561 copiam
822 3492 933 3563 aquae
949 3493 1156 3548 ΑΜΜΟΝῙΑ
1183 3490 1279 3552 satu-

259 3610 317 3659 rae
334 3594 443 3670 vorat,
461 3594 524 3657 aut
540 3583 697 3679 ejusdem
716 3604 1075 3677 suncannorufflm
1103 3597 1280 3693 extemplo
1415 3567 1424 3576 .

256 3703 385 3789 fauces,
412 3703 506 3776 labia
530 3715 567 3775 et
590 3702 715 3800 lingua
737 3704 917 3792 exardent,
943 3711 1071 3783 rubent
1096 3723 1203 3809 atque
1218 3717 1279 3792 dc-

260 3820 360 3894 lent:
386 3844 451 3891 nec
467 3818 596 3893 desunt
613 3822 715 3916 signa
732 3824 918 3896 ventriculi
940 3837 977 3898 et
998 3827 1161 3904 intestini
1178 3829 1279 3910 vehe-

262 3947 381 4010 mente
410 3935 686 4011 inflammatione
713 3939 895 4034 plexorum
930 3942 989 4031 (de
1018 3949 1144 4042 quibua
1178 3946 1290 4029 antea

261 4055 450 4151 disputavi,
468 4053 548 4127 vide
565 4076 715 4144 nxxrx,
733 4079 834 4143 xcn,
853 4064 977 4156 ccxr).
1030 4066 1279 4144 AMMomAn

256 4183 298 4246 et
328 4175 403 4268 ejus
430 4192 776 4260 suncmuouaura,
806 4201 888 4272 prae
921 4184 1065 4256 caeteris
1097 4182 1279 4274 adeliaco,
