3276 5194
396 558 472 629 302
823 575 879 626 nu
898 572 1002 626 osro.
1135 585 1144 591 ·

396 772 452 823 res
469 749 698 822 labefactatae
712 773 722 835 3
750 750 841 821 sicut
858 750 1023 837 miserum
1040 747 1137 820 haud
1154 773 1231 822 raro
1243 750 1338 823 vitae
1350 749 1423 824 tae-

394 869 491 941 deat.
530 868 761 962 ⁵Quantoque
784 871 860 962 jam
884 867 1022 963 saepius
1038 866 1167 962 aliquis
1184 866 1268 964 opio
1284 870 1422 964 parcius

398 986 619 1081 ingurgitato
644 1008 681 1056 sc
709 982 900 1056 refocillare
930 985 1157 1067 consueverit,
1188 995 1288 1057 tanto
1313 984 1422 1057 dirio-

399 1126 472 1174 rem
499 1102 536 1171 in
556 1100 772 1196 languorem,
797 1096 908 1196 hujus
933 1098 1070 1173 stimuli
1087 1099 1267 1173 fortissimi
1285 1101 1423 1174 actione

395 1217 548 1314 singulis
565 1218 698 1290 vicibus
716 1218 829 1302 finita,
846 1212 990 1320 labitur,
1016 1215 1086 1290 uon
1113 1219 1182 1290 nisi
1209 1218 1331 1292 eodem
1356 1221 1423 1291 ite-

399 1360 477 1408 rum
495 1346 635 1432 accepto
651 1336 890 1409 consolandus.

404 1617 613 1704 cccxvn.
661 1642 725 1704 aa
749 1640 891 1704 Noms
915 1636 1247 1704 lannoscucuo
1272 1642 1414 1705 oAnA.

716 1766 841 1829 vanu
866 1765 1112 1861 aucunms.
1151 1802 1155 1809 .

454 1950 636 2046 Siquidem
654 1949 779 2046 opium
795 1948 902 2033 haud,
927 1952 1040 2021 instar
1057 1948 1251 2023 aridorum
1263 1950 1422 2038 fortium,

397 2079 464 2139 aut
477 2065 576 2140 acidi
592 2066 770 2151 arscaosr’,
784 2078 900 2161 partes
916 2067 1109 2152 interiores,
1123 2069 1249 2163 quibus
1260 2067 1424 2140 admove-

293 2222 297 2231 ·
348 2276 350 2281 Ι
404 2197 472 2270 tur,
487 2185 686 2268 erodit'aut
698 2185 835 2256 actione
852 2182 1008 2257 chemise
1021 2184 1155 2269 diruit3
1174 2211 1244 2259 non
1261 2187 1425 2259 admirari

399 2315 549 2399 oportet,
575 2302 735 2375 alimenti
752 2312 910 2374 meatum
928 2304 988 2374 vix
1014 2302 1148 2398 aliquas
1173 2315 1275 2378 notas
1290 2328 1422 2377 memo-

399 2420 538 2504 rabiles,
553 2422 765 2515 introspecto
783 2418 958 2503 cadavere,
973 2420 1108 2492 medico
1125 2422 1318 2496 ostendere.
1344 2421 1424 2495 Oa-

403 2559 514 2623 unm,
532 2563 602 2633 quo
618 2538 822 2641 praesertim
839 2537 928 2609 duce
946 2549 983 2610 et
1000 2539 1138 2634 auspice
1155 2540 1342 2612 nitendum
1361 2552 1423 2625 est,

399 2658 634 2730 ventriculum
650 2668 687 2729 et
699 2657 907 2729 intestinum
926 2680 1016 2750 pene
1033 2657 1171 2753 integra
1187 2660 1329 2755 reperiri
1346 2685 1426 2732 cou-

401 2776 541 2862 tendit3
568 2799 808 2872 necunquam
827 2800 908 2847 sane
924 2776 1051 2846 vitiosa
1076 2800 1149 2849 esse
1168 2778 1330 2864 affirmat,
1357 2780 1425 2850 nisi

382 2888 383 2892 ’
397 2892 556 2993 calphos
572 2894 682 2991 capri
708 2903 771 2965 aut
787 2889 941 2989 sadrius
957 2891 1054 2966 zinci
1075 2906 1138 2966 aut
1155 2895 1302 2990 quodvis
1326 2897 1424 2969 aliud

402 3012 701 3084 medicamentum
720 3035 807 3094 acre,
824 3009 967 3083 homine
978 3016 1055 3106 Jam
1073 3014 1237 3106 spirante,
1255 3012 1299 3084 ad
1316 3017 1427 3087 vomi-

401 3144 482 3202 tum
499 3128 723 3226 eliciendum,
741 3130 920 3224 ingestum
937 3129 1054 3202 fuerit.
1094 3128 1217 3214 Quum
1237 3132 1330 3202 enim
1349 3131 1427 3230 opi-

353 3276 356 3280 ⁴
402 3270 466 3319 arm
482 3245 669 3318 ventriculi
688 3247 794 3319 fibras
818 3271 908 3343 pene
933 3247 1086 3332 resolvit,
1112 3247 1173 3318 vix
1197 3248 1273 3323 fieri
1298 3260 1424 3345 potest,

402 3374 456 3449 ut,
475 3389 515 3437 eo
531 3364 663 3460 largius
679 3375 810 3450 vorata,
834 3364 1068 3436 medicamina
1084 3365 1274 3440 fortissima
1290 3394 1427 3441 vomere

281 3474 315 3541 Ἣ
401 3483 556 3556 faciant:
593 3508 681 3579 quae
710 3482 791 3554 ideo
821 3495 1004 3578 assumpta
1041 3485 1288 3557 nocentissima
1324 3486 1425 3559 fiunt

401 3601 581 3689 Quamvis
598 3613 718 3676 autem
735 3600 896 3674 alimenti
919 3612 1057 3675 meatus
1073 3604 1161 3675 vitio
1178 3615 1280 3688 caret,
1306 3628 1428 3699 corpus

402 3743 623 3816 nequaquam
655 3719 833 3824 signorum
864 3719 991 3790 veneni
1023 3720 1261 3815 praepotentis
1295 3712 1428 3815 accepti

399 3860 526 3932 expers
543 3848 606 3908 est.
820 3829 823 3833 ¹

452 3952 586 4023 Pulmo
601 3962 739 4046 praeter
755 3961 919 4024 naturam
936 3952 1060 4038 rubet3
1088 3953 1258 4024 imovero
1279 3951 1426 4027 colorem

403 4091 618 4169 purpureum
636 4082 699 4142 aut
717 4071 898 4143 subatrum
917 4069 983 4141 sibi
999 4067 1171 4165 praefert:
1198 4069 1337 4143 densior
1363 4083 1427 4157 est,

399 4214 511 4287 quam
524 4180 571 4262 ex
587 4187 862 4293 consuetudine3
881 4212 955 4274 nec,
967 4186 1090 4284 digitis
1106 4189 1138 4262 ei
1155 4190 1342 4284 impressis,
1356 4188 1427 4279 cre-

402 4320 475 4405 pat.
