3342 5208
372 545 443 616 136
754 565 1018 626 enarramus-,1

422 738 449 799 d.
476 738 585 800 Sioua
609 737 860 801 Earsrrunnrm
888 739 1266 802 caerimonis—Hoc
1297 737 1400 803 levius

368 851 434 903 est:
459 849 564 901 tumor
586 838 708 903 tardius
730 853 880 927 apparet3
904 828 985 906 cutis
1009 842 1113 904 minus
1134 841 1213 905 calet
1236 854 1268 905 et
1293 843 1399 921 rubet,

368 945 514 1031 potiusve
539 944 675 1008 colorem
697 943 918 1010 flavofuscum
942 946 1066 1011 induit:
1091 946 1185 1011 simul
1204 947 1293 1026 uitet,
1308 949 1403 1011 vesti-

367 1050 520 1137 giumque
533 1048 625 1135 digiti
639 1049 782 1136 impressi
797 1051 991 1137 aliquamdiu
1006 1051 1127 1116 retinet.
1173 1053 1314 1116 Bosara
1329 1052 1400 1138 plu-

370 1176 419 1218 res
443 1165 475 1217 et
496 1153 632 1217 minores
654 1166 749 1219 sunt:
773 1155 888 1242 dieque
903 1158 997 1221 tertio
1011 1156 1062 1220 vel
1076 1168 1191 1242 quarto
1205 1168 1277 1243 post
1291 1158 1402 1221 ineun-

369 1272 432 1324 tem
448 1273 613 1339 tumorem,
630 1272 790 1347 apparent.

423 1479 447 1518 c.
473 1459 582 1522 Srcun
608 1458 861 1522 Eursmannrrs
886 1460 1258 1522 caucasauosr.-Hoc
1281 1459 1401 1522 valetu-

371 1561 474 1625 dinem
498 1563 614 1626 fractos
637 1562 829 1650 aggreditur.
888 1563 999 1627 Febris
1028 1561 1164 1649 maligna
1189 1562 1346 1641 delirium,
1370 1575 1401 1626 et

371 1679 482 1754 stupor
497 1668 704 1732 comitantur:
728 1682 834 1756 partes
845 1670 974 1733 affectae
987 1669 1102 1732 livent:
1128 1690 1324 1757 BULLAEque
1338 1668 1402 1732 exi-

369 1797 451 1860 guae
466 1777 659 1861 marginibus
673 1776 778 1839 lividis
793 1776 1018 1865 circumjectae,
1035 1798 1125 1861 saepe
1145 1776 1178 1839 in
1200 1776 1402 1840 exulceratio-

370 1901 443 1941 nem
464 1880 578 1942 malam
602 1879 757 1943 desinunt.
811 1882 924 1966 Neque
947 1879 1007 1943 hoc
1030 1881 1148 1942 malum
1176 1881 1306 1944 sanitate
1333 1881 1402 1942 fini-

370 1994 434 2060 tur,
461 1983 520 2045 nisi
542 2005 723 2069 praegressa
745 1986 970 2070 suppuratione
990 1985 1130 2063 exitiosa,
1152 1984 1202 2047 vel
1223 2007 1402 2070 gangraena

370 2078 601 2168 musculorum,
618 2090 853 2176 tendinumque.
901 2088 1215 2179 Interdumyinfantes
1238 2091 1297 2152 hoc
1319 2090 1402 2153 malo

371 2196 606 2282 corripiuntur3
631 2197 813 2282 praesertim
837 2197 870 2259 in
890 2196 1135 2272 valetudinariis,
1158 2218 1239 2281 quae
1262 2195 1401 2281 gravidis

371 2300 558 2386 decipiendis
572 2303 854 2367 accommodantur.
927 2332 931 2339 ·

414 2485 844 2559 d.<S1euaEars1rauAr1s
859 2485 1197 2552 arnamar—Rubor
1216 2485 1269 2548 hic
1283 2508 1341 2572 per
1355 2498 1402 2549 to
1420 2568 1422 2571 v

370 2601 439 2654 tum
453 2612 568 2677 corpus
581 2592 627 2656 ita
640 2594 788 2680 erumpit,
809 2606 846 2656 ut
863 2603 968 2680 partes
990 2591 1067 2656 aliae
1087 2614 1125 2654 ex
1144 2590 1214 2654 aliis
1228 2602 1396 2656 tententur.

292 2698 298 2706 “
370 2694 453 2756 Octo
467 2693 518 2757 vel
531 2694 639 2757 decem
653 2696 765 2760 diebus
779 2695 906 2774 exactis,
921 2694 1052 2758 feliciter
1067 2689 1146 2756 solvi
1160 2696 1328 2758 cousuevit.

415 2843 459 2904 N.
472 2844 591 2906 B.-N
594 2843 677 2907 ullus
690 2845 802 2908 dubito
817 2844 895 2928 quin
909 2843 1098 2927 Erpsr'pelas
1109 2842 1184 2905 alias
1198 2865 1325 2928 quoque
1339 2842 1401 2905 for-

522 2969 590 3010 mas
604 2948 663 3011 sibi
677 2949 846 3012 adsciscere
859 2948 976 3033 possit:
1000 2958 1046 3009 est
1062 2947 1145 3008 enim
1155 2949 1294 3025 morbus,
1305 2951 1401 3013 Scor-

524 3052 642 3115 lctiaae
655 3052 763 3130 instar,
777 3051 856 3115 nulli
871 3051 1009 3137 corporis
1022 3050 1147 3114 habitui
1161 3052 1318 3137 proprius.

653 3364 793 3428 CLVII.
816 3362 1107 3428 PEMPHIGUS.

311 3593 312 3597 =
424 3546 904 3643 usmarus-Pyraia:
941 3546 1106 3621 valetudo
1130 3547 1210 3642 plus
1226 3529 1396 3620 ‘minusve

375 3667 527 3739 turbata.
579 3666 656 3739 Die
685 3668 829 3753 incerto,
857 3687 1026 3738 urrunnu
1044 3648 1212 3737 atellanis
1229 3666 1342 3761 figura
1359 3677 1397 3739 et

375 3782 623 3873 magnitudine
640 3770 780 3867 similes,
799 3783 979 3877 oblongae,
1004 3781 1150 3854 humore
1167 3781 1322 3853 subflavo
1340 3783 1394 3856 vel

375 3896 476 3968 tenui
493 3896 629 3991 plenae,
645 3900 770 3970 rubore
786 3899 1028 3993 circumjecto:
1054 3922 1180 3993 paucos
1197 3895 1272 3970 dies
1297 3923 1396 3972 man-

376 4037 498 4088 surae:
524 4012 687 4108 diruptae
714 4014 858 4087 tandem
883 4013 1066 4086 humorem
1092 4024 1236 4087 tenuem
1264 4014 1395 4088 effusa·

357 4127 456 4209 rae:
482 4131 638 4230 pruritus
655 4132 755 4203 cutis.
1291 4136 1293 4143 ’
1393 4140 1395 4145 ’
