3276 5194
374 576 447 643 308
497 588 559 639 nn
573 584 701 639 Aemo
720 578 1069 657 Hunnocrnumo,
1087 576 1371 641 summotenus,

423 765 505 837 Diu
527 762 674 835 ehemioi
700 761 767 834 hoo
791 756 939 831 acidam
964 754 1191 833 bermetum
1215 754 1398 850 (Anglioe‚

376 892 397 923 “
410 880 598 975 Prussie”)
622 880 803 953 nominare
820 877 1001 961 solebant;
1029 901 1070 949 eo
1099 874 1194 971 quod
1217 875 1400 971 pigmento

374 1023 551 1097 purpureo
580 997 765 1071 vernacule
793 1006 814 1036 “
828 995 999 1068 Prussian
1030 993 1142 1067 blue”
1171 992 1268 1065 dioto
1296 993 1400 1063 inest.

376 1119 556 1192 Hodierni
573 1114 738 1190 Aridum
764 1112 1082 1212 hydroepoaioum
1107 1123 1246 1197 vocant,
1270 1132 1399 1183 nomen

376 1263 421 1311 ex
439 1238 623 1310 elementis
648 1235 818 1332 proximis
833 1233 1036 1307 deductum.
1088 1230 1194 1304 Haeo
1210 1255 1291 1303 vero
1316 1244 1399 1302 sunt

376 1345 634 1453 oponogenam
661 1365 770 1449 atque
786 1349 1061 1448 hydrogeuiem
1069 1378 1083 1432 ,·
1107 1349 1198 1421 illud
1214 1372 1259 1420 ex
1276 1344 1401 1421 carbo·

376 1474 499 1548 uiuet
524 1470 737 1569 peragente
761 1482 918 1545 constat:
944 1470 1092 1567 ideoque
1109 1469 1284 1543 elementa
1300 1492 1403 1542 vene-

377 1596 415 1665 ni
433 1591 601 1689 propositi
619 1591 748 1664 ultima
772 1603 856 1663 sunt
882 1586 1110 1674 carboniam,
1138 1586 1401 1684 tritrogenium‚

377 1723 485 1808 atque
502 1707 782 1807 hydrogeoium.

437 1829 716 1926 Cpenogerrom,
737 1835 943 1923 oportereto
961 1825 1202 1926 hydrargyri
1218 1827 1402 1923 tepefacto,

377 1924 475 2021 haud
500 1971 603 2043 aegre
629 1950 674 2018 in·
695 1946 845 2018 sublime
868 1946 979 2020 fertur
990 1973 1010 2034 ς,
1033 1957 1070 2021 et
1098 1947 1245 2018 formam
1273 1948 1403 2018 aeriam

380 2066 594 2139 sibiinduit.
646 2065 732 2139 Hoc
753 2089 830 2164 gas
855 2066 958 2139 odore
982 2067 1125 2162 peracri,
1151 2067 1206 2139 sui
1223 2064 1341 2150 simili,
1367 2079 1405 2137 et
1451 2082 1454 2091 ’

292 2239 296 2246 -
378 2211 546 2283 perquam
560 2185 695 2271 subtili,
707 2210 807 2258 nares
825 2185 942 2258 afficit.
970 2185 1185 2258 Animantia
1202 2210 1243 2258 eo
1259 2185 1405 2256 eircum-

380 2307 464 2379 data
496 2305 592 2378 illico
624 2314 798 2400 pereunt3
835 2306 979 2377 flamina
1014 2306 1134 2377 statim
1169 2304 1401 2400 extinguitur.

383 2423 663 2520 Cyoaogertam
705 2424 789 2519 igne
822 2434 859 2495 et
893 2430 972 2496 aere
1008 2423 1209 2496 circumfluo
1242 2420 1404 2507 admotis,

376 2543 559 2615 -flammam
590 2541 666 2615 edit
694 2541 897 2614 coeruleum.
955 2544 1072 2638 Aqua,
1102 2538 1249 2625 uleodol,
1279 2539 1407 2613 aetder

379 2658 633 2758 sulphurieus,
656 2661 772 2733 oleum
791 2657 1068 2745 terebinthinae,
1095 2673 1141 2734 et·
1157 2660 1219 2733 alii
1242 2659 1404 2755 liquores,

379 2780 415 2853 ei
429 2780 650 2854 dissolvendo
667 2792 752 2853 sunt
768 2778 911 2853 habilia.
950 2779 1052 2853 Sucoi
1069 2781 1288 2877 quarundam
1306 2779 1405 2877 plau-

382 2908 500 2970 tatum
518 2923 538 2969 e
555 2898 734 2983 coeruleis,
751 2897 872 2970 eodem
889 2898 1030 3001 inminuti,
1047 2900 1256 2972 rubescunt..

356 3040 366 3052 ²
431 3015 471 3088 si
488 3015 597 3087 moles
615 3015 732 3110 aliqua
744 3015 852 3111 gosis
869 3013 1094 3113 hydrogenii
1110 3042 1186 3088 oum
1206 3016 1327 3089 eadem
1345 3040 1409 3113 cp-

380 3131 544 3229 uuogem'
560 3131 653 3205 mole
669 3132 846 3216 miscetur,
872 3133 1000 3206 exinde
1017 3134 1240 3230 progignitur
1256 3132 1406 3206 aeidum

381 3248 724 3348 hydroepauieam3
750 3250 843 3346 quod
867 3251 920 3325 ita
945 3251 1077 3325 factum
1104 3253 1240 3349 vaporis
1257 3255 1406 3350 speciem

381 3368 449 3441 sibi
478 3368 618 3442 induit:
652 3369 735 3441 hino
764 3379 892 3442 natura
921 3368 1076 3443 edemieu
1111 3371 1276 3466 equidem
1309 3369 1408 3445 acidi

380 3485 549 3582 propositi
573 3485 762 3560 clarissime
784 3497 893 3583 patet.
950 3487 1027 3560 Neo
1043 3488 1173 3561 desunt
1188 3490 1289 3575 aliae,
1315 3490 1407 3562 mul-

275 3597 279 3601 ’
380 3612 508 3700 taeque
525 3607 601 3699 ejus
616 3598 789 3701 gignendi
814 3617 876 3677 aut
904 3607 1052 3702 parandi
1076 3608 1240 3681 rationes.
1300 3607 1406 3679 Folia

381 3719 1406 3823 Pruniplaurocerosi,fructusAmpgdaliamarue,aliae-

380 3861 450 3932 que
466 3838 620 3933 plantae,
633 3839 699 3913 hoo
711 3864 845 3913 veneno
862 3830 1093 3929 imbuuntur3
1113 3843 1207 3939 quod
1220 3867 1312 3939 aqua
1323 3844 1406 3916 mis-

381 3964 461 4027 tum
488 3956 527 4027 in
554 3957 705 4030 sublime
732 3957 855 4063 fertur,
885 3959 1090 4055 idoneisque
1117 3962 1208 4034 vasis
1237 3959 1406 4034 adhibitis

381 4072 499 4171 oolligi
527 4086 652 4171 potest,
678 4074 772 4147 foliis
801 4076 879 4147 istis
902 4086 938 4148 et
963 4103 1054 4173 aqua
1082 4079 1190 4152 simrd
1212 4080 1406 4176 decoquen-

379 4192 443 4265 dis.
487 4189 651 4266 Aridum
667 4190 980 4290 dpdroeyuur'oum
996 4199 1052 4271 its
1065 4208 1311 4294 praeparatum
1328 4198 1407 4272 aliis

379 4310 589 4401 quibusdam
607 4313 710 4386 rebus
727 4313 761 4386 ei
777 4314 952 4389 immixtis
970 4316 1188 4411 inquinatur.
