3276 5194
488 510 544 561 ns
562 507 747 562 vaurms
765 510 948 578 somnus.
1074 572 1076 585 Ι
1163 497 1236 588 285

224 936 319 1000 000.
351 937 416 1002 DE
440 936 644 1001 VENENIS
667 937 885 1014 ACRIBUS,
909 939 1039 1027 QUAE
1062 896 1227 1002 ΤΕΒΒᾸ

424 1060 427 1065 ’
456 1118 459 1123 «
515 1063 652 1127 NATA
674 1063 942 1127 PRAEBENT.

265 1266 420 1339 Plantae
437 1279 473 1340 et
490 1267 656 1340 animalia
672 1270 797 1340 brutae
814 1267 933 1341 telluri
949 1268 1015 1341 hoc
1030 1271 1234 1365 praesertim

215 1383 374 1467 distant;
402 1384 495 1479 quod
517 1380 656 1458 mortua
672 1386 709 1456 in
728 1409 900 1481 perpauca
917 1384 1091 1459 elementa
1107 1387 1237 1459 ultima

216 1512 291 1575 arte
308 1523 503 1575 οΗΕΜΙοΑ
519 1503 643 1576 resolvi
659 1514 828 1599 possunt3
853 1515 987 1575 atvero
1004 1527 1236 1599 nequaquam,

216 1620 260 1691 iis
277 1620 461 1692 elementis
478 1631 553 1693 arte
570 1620 692 1693 eadem
709 1622 808 1692 inter
820 1646 856 1692 se
872 1620 1086 1704 consociatis
1103 1621 1235 1692 renasci

216 1748 372 1831 possunt.
423 1736 578 1811 Plantae
604 1737 735 1809 scilieet
761 1761 881 1809 omnes
904 1761 949 1808 ex
971 1733 1154 1821 carbomio,
1171 1734 1237 1831 ty-

216 1851 406 1950 drogemm,
429 1861 466 1926 et
490 1859 677 1951 ooeygcm'o
705 1865 879 1937 constant,
904 1852 1127 1949 (quibusdam
1157 1851 1235 1925 aliis

217 1969 400 2041 elementis
412 1993 495 2042 sane
505 1971 670 2066 exceptis,
682 1993 772 2064 quae
781 1969 982 2066 parcissima
995 1974 1110 2064 sunt);
1129 1992 1234 2063 quae·

217 2113 354 2183 cunque
383 2089 476 2160 enim
506 2088 640 2184 planta,
659 2100 723 2161 aut
739 2100 867 2161 natura
884 2114 904 2160 e
919 2087 1052 2184 plantis
1081 2086 1234 2161 deducta

217 2207 450 2289 comburatur,
472 2204 509 2276 in
537 2204 685 2278 acidam
708 2203 943 2277 carbunicam
972 2218 1079 2299 atque
1106 2228 1234 2299 aquam

216 2323 399 2419 redigitur.
452 2321 528 2395 Res
553 2346 678 2394 omnes
696 2347 833 2418 quoque
850 2323 895 2393 ab
912 2322 1123 2394 animalibus
1138 2332 1236 2395 ortae
1331 2358 1334 2362 ·

215 2441 436 2536 potissimum
462 2464 506 2513 ex
531 2438 715 2526 cartonio,
732 2439 927 2538 oaygmia
951 2438 1182 2536 hydrogem'a
1198 2451 1235 2513 et

217 2557 429 2655 mitrogemio
454 2573 732 2654 componuntur:
767 2583 876 2653 eoque
901 2559 1012 2630 calore
1034 2558 1090 2629 vel
1114 2568 1235 2652 putre-

217 2676 300 2749 dine
317 2675 499 2761 resolutae,
512 2675 705 2772 plurimum
722 2673 927 2746 ammoniae
942 2675 1121 2770 praebent.
1159 2672 1235 2744 Ne-

218 2819 277 2866 mo
305 2804 425 2866 tamen
454 2793 582 2879 oleum,
610 2790 947 2890 gammi-resimam,
977 2793 1041 2863 &a
1071 2791 1237 2864 conficere

217 2921 343 3007 potest,
368 2909 552 2996 carboaio,
576 2908 763 3007 orygemio
780 2922 816 2982 ct
832 2906 1064 3006 bpdrogcaio
1090 2909 1183 2981 inter
1200 2934 1238 2982 se

216 3031 429 3104 consociatis.
481 3029 638 3124 Parique
654 3025 963 3124 rationefibm'aa,
981 3023 1163 3110 albumen,
1179 3049 1237 3099 oz-

215 3147 441 3232 mummium,
459 3150 516 3219 &c
535 3149 580 3220 ab
596 3171 715 3219 eorum
733 3145 869 3218 ultimis
888 3145 1070 3241 principiis
1086 3145 1236 3218 invicem

216 3278 292 3337 arte
302 3266 449 3359 junctis,
466 3264 541 3335 fieri
558 3273 752 3358 nequeunt.

268 3381 363 3454 Satis
378 3390 477 3478 patet
495 3404 538 3453 ex
551 3383 626 3475 jam
644 3379 774 3464 relatis,
794 3403 928 3452 venena
944 3380 1063 3467 omnia
1079 3404 1124 3452 ex
1135 3379 1237 3475 plan·
1322 3365 1326 3370 ⁸

216 3502 263 3574 tis
279 3499 430 3573 deducta
455 3498 637 3595 aliquanto
652 3497 829 3569 difficilius
846 3499 890 3569 ab
907 3499 980 3570 acie
996 3495 1237 3573 chemicoram

216 3617 385 3712 patelieri,
402 3634 509 3711 quam
525 3639 671 3711 eaquae
694 3614 920 3699 effodiuntur,
938 3614 994 3687 vel
1011 3638 1171 3710 quaeres
1188 3614 1237 3687 ef-

217 3734 327 3807 fossae
349 3735 527 3831 praebent.
579 3731 668 3804 Huc
693 3731 837 3815 accedit,
854 3756 988 3804 venena
1014 3731 1146 3829 plantis
1175 3732 1234 3805 de-

218 3849 326 3922 ducta
341 3873 447 3943 quam
463 3847 629 3921 facillime
645 3848 786 3932 mutari,
804 3858 841 3920 et
857 3848 992 3933 resolvi,
1013 3872 1133 3921 eorum
1149 3849 1233 3921 ulti·

217 3968 286 4039 mis
302 3964 496 4050 elementis,
514 3976 578 4039 aut
593 3991 656 4039 sua
672 3976 796 4062 sponte
820 3990 947 4038 noram
971 3966 1235 4044 institutionem

218 4084 459 4168 induentibus,
472 4092 535 4156 aut
551 4082 621 4155 alia
633 4108 678 4157 ex
688 4085 791 4156 rebus
802 4083 925 4156 vicinis
942 4084 1009 4156 sibi
1025 4083 1234 4157 attrahenti·

214 4204 302 4276 bus:
328 4225 372 4275 ex
389 4225 459 4296 quo
475 4199 634 4285 efficitur,
647 4226 688 4273 ea
700 4202 929 4298 ingurgitata,
942 4202 1008 4274 etsi
1025 4223 1146 4273 necem
1164 4199 1236 4270 cito
