3326 5302
667 611 924 668 nusonrsus.
1138 613 1142 620 ·
1206 671 1207 675 Ν
1248 589 1296 668 69

421 782 524 870 gisae
535 787 689 870 pectoris:
704 796 737 850 nt
748 787 854 873 potius
865 797 999 852 statuere
1010 793 1145 871 oportet,
1155 781 1300 846 habitum

425 889 528 953 cordis
548 891 666 955 maium
678 892 801 957 arteriis
814 894 882 981 ejus
892 892 1010 957 uitiosis
1024 900 1180 968 exortum,
1195 909 1300 953 veram

425 1015 491 1058 esse
501 1016 626 1060 causam
637 988 853 1062 continentem.
881 1001 1003 1063 Eorum
1017 996 1211 1084 eorponuus,
1220 1016 1300 1081 quos

426 1099 477 1163 hic
497 1101 627 1167 morbus
647 1101 795 1182 absumit,
809 1103 1016 1191 introspectis,
1030 1101 1164 1166 corioro
1177 1121 1299 1186 semper

340 1200 346 1209 ’
423 1192 547 1289 praeter
571 1219 716 1272 naturam
741 1207 868 1274 flaccere
890 1221 922 1273 et
946 1209 1063 1296 psllere
1087 1205 1296 1293 conspicitur:

423 1306 487 1374 huc
501 1311 631 1392 accedit,
646 1314 774 1381 arterias
794 1317 977 1381 oormtarior
995 1315 1183 1401 plerumque
1196 1333 1298 1376 osseas

375 1507 382 1517 Χ
422 1438 499 1494 esse,
514 1429 546 1481 et
563 1440 684 1505 semper
700 1421 837 1506 quadam
852 1443 892 1484 ex
905 1431 994 1507 parte
1008 1421 1141 1484 vitiosas
1189 1420 1298 1496 Quum

422 1520 521 1606 igitur
532 1543 639 1584 earum
654 1535 701 1586 est
715 1545 769 1585 oor
782 1525 913 1601 nutrire,
927 1524 1024 1608 hujus
1037 1523 1189 1608 psilorem
1199 1532 1230 1583 et
1244 1520 1299 1584 de·

422 1625 577 1688 bilitstem
590 1626 700 1689 iisdem
715 1628 867 1691 morbosis
877 1626 992 1690 tribuo.
1025 1628 1076 1690 Ne
1090 1625 1202 1702 murlts,
1212 1623 1299 1686 deni-
1377 1664 1379 1668 -
1500 1681 1505 1688 .

423 1752 497 1815 que,
506 1734 686 1812 corotonio,
696 1732 894 1821 arteriisejus
905 1732 1080 1796 nutricibus
1089 1728 1205 1794 vitiatis
1212 1738 1297 1807 nats,

423 1835 559 1924 Aug-ion
566 1841 705 1925 pectoris
718 1839 894 1926 implicatis,
903 1840 1044 1914 loborst3
1060 1837 1145 1902 unde
1158 1835 1201 1900 sd
1210 1857 1299 1924 spar-

420 1963 509 2005 murn
524 1942 724 2033 subeundum
738 1954 804 2008 tarn
817 1945 855 2009 fit
868 1945 1016 2030 proclive,
1032 1954 1069 2008 ut
1083 1942 1187 2030 quivis
1201 1941 1297 2007 animi

420 2051 599 2136 corporisve
612 2063 728 2132 motus,
743 2052 942 2140 accelerando
956 2073 1051 2115 cursu
1066 2048 1236 2136 sanguinis,
1247 2070 1298 2112 eo·

421 2177 485 2240 que
504 2156 664 2221 efficiendo
679 2169 715 2223 ut
730 2180 783 2222 cor
798 2158 900 2223 debile
916 2157 1098 2245 sanguinem
1112 2153 1243 2240 accipiat
1255 2153 1298 2217 ci-

422 2261 486 2326 tius
510 2274 542 2328 et
564 2265 720 2351 copiosius
745 2287 841 2351 quam
866 2265 1019 2353 projiciat,
1039 2262 1136 2348 hujus
1161 2261 1296 2326 musculi

419 2369 502 2434 atria
523 2384 647 2456 praeter
670 2356 800 2454 modum
825 2372 963 2458 implent,
979 2381 1012 2435 et
1025 2369 1099 2434 inde
1113 2370 1182 2456 ejus
1200 2368 1295 2434 fibras

339 2518 345 2525 ι
418 2494 543 2562 sporcio
563 2487 715 2563 torqueat.
760 2478 828 2540 Nec
847 2489 934 2562 patet
957 2476 1041 2541 ratio
1057 2472 1182 2561 angoris
1196 2484 1228 2537 et
1241 2471 1296 2536 do-

420 2577 495 2641 loris
508 2579 563 2641 vix
584 2581 763 2664 patibilium
784 2565 982 2666 maximeque
1002 2578 1104 2643 cordis
1117 2598 1181 2640 non
1194 2576 1294 2661 palpi-

368 2688 374 2700 '
416 2682 525 2760 tantis,
540 2683 599 2746 nisi
613 2683 805 2769 intelligatur
824 2705 986 2770 spasmum
1005 2682 1100 2746 fibras
1114 2680 1216 2745 cordis
1230 2693 1293 2746 tor-

416 2808 525 2873 quere,
551 2788 766 2875 praesentibus
779 2789 933 2877 Angitiae
954 2790 1090 2876 pectoris
1115 2787 1293 2853 wcessinri-

418 2893 488 2958 bus
956 2916 957 2919 ’

650 3163 931 3184 m

650 3185 931 3201 -ι-μ--ι--ι

298 3421 378 3498 DE
404 3422 616 3498 MORBIS
642 3421 1036 3497 ARTERIARUM
1062 3423 1135 3496 ET
1162 3421 1253 3495 VE-

482 3537 696 3615 NARUM
723 3536 1077 3624 QUIBUSDAM.
1367 3557 1370 3564 ·

733 3733 830 3762 ...-

544 3865 681 3931 nxrx.
705 3814 1001 3929 Annonrsui.

306 4050 379 4112 Hac
393 4071 478 4127 vooe,
494 4049 697 4128 Actorismo,
712 4069 800 4126 usus,
822 4049 1130 4112 commonueram
1145 4045 1236 4111 unice
1257 4045 1290 4109 in
1331 4076 1333 4081 ·

261 4154 488 4221 unimohabeo.
745 4214 759 4229 .,

315 4261 707 4336 Dsr1u1r10.-Pars
716 4263 864 4335 arteriae
874 4259 1099 4356 amplificata,
1112 4255 1288 4354 pulsuque

264 4391 401 4478 praeter
416 4393 583 4457 naturam
601 4379 801 4455 vehementi
818 4379 963 4474 agitata.
