3342 5208
356 560 427 626 142
768 570 964 622 vantome.

350 759 435 822 sunt,
456 744 643 829 prominent,
667 742 799 805 humore
824 743 907 807 flavo
934 744 1054 828 plenae,
1070 755 1100 807 et
1116 746 1256 831 margine
1281 748 1379 811 rubro

351 851 527 913 instructae.
559 847 685 912 Triduo
692 847 758 910 fere
765 861 884 934 postea,
895 849 989 912 facies
1000 849 1196 928 detumescit,
1208 872 1378 914 rusrunrs-

350 979 413 1042 que
439 956 585 1042 diruptis,
600 976 661 1041 pus
687 953 796 1033 effluit,
811 967 843 1018 et
857 956 1046 1019 exsiccatum
1060 957 1093 1018 in
1108 967 1229 1020 crustas
1252 978 1378 1019 conver-

349 1062 447 1135 titur;
464 1058 659 1124 cicatricrlrus
673 1060 744 1124 altis
759 1082 850 1145 saepe
864 1060 1030 1146 pervitam
1045 1062 1200 1147 integram
1214 1062 1376 1125 mansuris.

350 1167 516 1233 Glutiendi
531 1166 698 1230 difficultas
713 1188 797 1230 nunc
812 1178 923 1252 urget3
941 1190 976 1230 os
991 1167 1088 1231 saliva
1102 1178 1210 1245 scatet,
1226 1168 1378 1253 alvusque

348 1274 439 1338 fluit:
464 1296 545 1359 quae
560 1272 648 1357 signa
663 1272 793 1334 sanitate
807 1272 895 1335 brevi
911 1272 993 1334 finiri
1008 1272 1115 1336 solent.

393 1380 466 1444 Non
482 1400 553 1443 raro
565 1380 767 1465 pneumoniu,
779 1378 971 1464 ophthalmia
984 1378 1075 1442 aliive
1086 1378 1187 1442 morbi
1202 1379 1377 1443 istiusmodi

348 1488 505 1550 variolam
519 1485 687 1571 excipiunt.

375 1671 401 1733 lr-
419 1671 530 1734 Sioua
540 1669 1378 1733 Vaaronnamurmanus-Varronicommorans

347 1800 365 1837 e
377 1772 711 1861 pyreoiujt'ehemente
726 1783 757 1836 et
771 1772 917 1857 maligna,
933 1774 1077 1858 uotisque
1091 1774 1207 1837 virium
1220 1775 1379 1860 lapsarum

348 1880 472 1962 incipit:
489 1897 661 1940 rusrunau
669 1876 764 1965 citius
772 1887 996 1953 maturescunt,
1005 1900 1101 1962 quam
1112 1881 1380 1943 Variolu'diacreta

349 1993 491 2069 urgente,
503 1982 608 2044 minus
622 1981 769 2057 eminent,
779 1992 980 2059 concurrunt,
992 1983 1219 2068 humoremque
1233 2006 1335 2046 acrem
1346 1997 1378 2046 et

348 2090 485 2167 fuscum,
505 2087 707 2172 potiusquam
722 2085 794 2172 puri
810 2085 952 2160 similem,
976 2086 1142 2150 continent.
1188 2088 1377 2167 Quinetiam,

349 2193 445 2257 febris
466 2213 530 2254 non
551 2201 660 2267 cessat,
682 2201 754 2254 cute
776 2189 921 2252 universa
942 2189 1169 2267 efflorescente3
1193 2204 1226 2255 at
1247 2204 1377 2278 perstat,

349 2299 448 2383 nihilo
461 2299 526 2360 fere
539 2297 644 2359 levior.
683 2297 803 2374 Facies,
815 2316 927 2359 manus
938 2308 1035 2382 atque
1049 2297 1144 2383 pedes
1158 2298 1260 2383 multo
1274 2300 1377 2361 minus

352 2407 574 2495 intumescunt,
600 2424 698 2488 quam
725 2404 848 2467 cartola
873 2403 1006 2466 discreta
1032 2414 1219 2489 torquente:
1258 2428 1377 2469 necnon

350 2492 498 2600 persaepe
512 2510 638 2575 tandem
653 2510 804 2574 accedunt
816 2509 934 2574 multae
944 2523 1102 2590 notarum,
1111 2534 1193 2597 quae
1204 2513 1294 2598 typhi
1308 2535 1379 2598 par-

341 2620 415 2682 ‘tem
438 2617 562 2680 tertiam
584 2615 778 2700 insigniunt:
802 2615 961 2693 nimirum,
984 2616 1141 2695 delirium,
1166 2630 1286 2704 stupor,
1309 2640 1379 2682 rus-

350 2745 465 2788 runan
481 2723 678 2808 nigricantes,
694 2722 864 2809 potechiuc,
888 2722 985 2786 sudor
1006 2724 1141 2810 gelidus,
1157 2737 1244 2789 artus
1258 2724 1376 2810 frigidi,

351 2827 674 2918 singultuqtendines,
689 2828 789 2913 digito
799 2829 946 2914 imposito
961 2829 1105 2892 subsilire
1115 2832 1272 2916 percepti:
1297 2854 1378 2915 quae

350 2939 475 3024 saepius
495 2935 597 2998 iatum
612 2934 645 2997 in
659 2933 838 3020 propinquo
853 2956 918 2997 esse
932 2945 1096 2998 testantur.

416 3084 461 3146 N.
472 3081 689 3145 B.-Variolu
710 3080 845 3142 dicerem
858 3089 889 3142 et
903 3082 1060 3165 confluens
1081 3092 1155 3143 sunt
1177 3079 1306 3141 unicum
1325 3082 1379 3143 ad-

501 3211 607 3252 versae
620 3185 810 3251 valetudinis
830 3208 950 3270 genus:
974 3208 1037 3248 non
1058 3185 1133 3265 duo,
1149 3187 1230 3250 inter
1245 3210 1277 3251 se
1291 3189 1379 3274 quod

501 3295 543 3359 ad
568 3306 674 3358 ortum
699 3293 840 3356 diversa:
872 3315 934 3377 pus
958 3293 1040 3354 enim
1066 3293 1266 3378 ipsissimum,
1290 3295 1378 3379 quod

502 3400 630 3465 brachio
651 3409 718 3462 arte
739 3399 868 3462 insitum
881 3397 967 3460 lrunc
988 3399 1114 3462 Variola
1128 3400 1263 3465 discreta
1277 3401 1379 3487 impli-

499 3519 562 3586 eat,
576 3505 652 3569 iacit
674 3516 711 3568 ut
733 3504 785 3567 ille
806 3496 977 3590 confluente
998 3503 1183 3590 implicetur.
1230 3506 1378 3590 Corporis

502 3614 600 3698 igitur
621 3611 759 3687 habitus,
774 3611 954 3695 viriumque
980 3611 1060 3673 ratio
1086 3611 1177 3673 unico
1204 3621 1275 3673 sunt
1296 3609 1376 3672 fonti

502 3718 637 3805 duplicis
650 3718 747 3803 hujus
761 3717 863 3779 morbi
878 3717 975 3780 faciei.

367 3804 370 3810 ²
457 3823 555 3901 Quod
569 3822 609 3885 ad
618 3825 769 3908 portarias
785 3822 1054 3901 :inrideamsunt
1068 3844 1131 3884 non
1144 3821 1204 3885 nisi
1218 3822 1378 3886 abscessus

503 3928 551 3990 sui
573 3928 701 4013 generis.
748 3930 929 3992 Maturatae
949 3951 988 3991 ex
1009 3951 1088 4014 pure
1109 3929 1190 3992 inter
1211 3930 1377 3993 cuticulam

502 4043 535 4094 et
549 4030 708 4117 capsulam
729 4054 767 4093 ex
781 4034 910 4115 fibrina
931 4037 1085 4118 organica
1099 4030 1271 4097 confectam
1285 4034 1379 4097 inter-

501 4139 588 4201 cluso
603 4138 765 4231 constant:
790 4136 871 4197 cutis
885 4138 1054 4200 veraenim
1063 4139 1131 4225 jam
1146 4134 1295 4224 absorpta
1309 4130 1378 4201 eva

501 4245 580 4308 nuit.
627 4242 712 4305 Hinc
737 4252 835 4328 patet,
862 4264 918 4305 cur
943 4244 1098 4308 cicatrices
1124 4245 1205 4309 altae
1228 4245 1283 4308 diu
1309 4267 1378 4331 per-

504 4364 602 4415 stent:
627 4349 708 4414 cutis
722 4349 870 4412 nimirum
885 4373 1046 4435 nunquam
1062 4373 1118 4436 per
1127 4351 1210 4415 vitae
1225 4351 1377 4436 reliquam
