3326 5302
535 525 1026 584 rnrnrsrs'runnounms.
1244 514 1292 578 65

262 716 321 769 nrt
344 702 479 781 doloris.
493 704 657 789 angustiae
680 715 712 767 et
731 703 892 767 interdum
914 701 1043 780 ardoris,
1058 701 1100 765 ad
1113 721 1148 764 ns
1162 697 1296 785 pectoris

262 810 364 873 imum
385 810 541 882 infertm3
566 809 694 895 spiritus
716 809 894 885 difficulter,
917 821 949 872 et
970 807 1110 871 crebrius
1125 826 1221 892 quam
1234 805 1296 879 fert

262 926 387 993 natura,
411 915 547 979 trahitur
569 926 601 977 et
622 898 799 990 emittituri
823 915 1006 1001 praesertim
1025 935 1119 998 aegro
1133 912 1295 979 ambulan-

263 1034 315 1084 te:
342 1044 406 1085 non
428 1043 501 1086 raro
523 1042 577 1084 cor
604 1022 756 1107 palpitat:
789 1023 900 1107 pulsus
926 1020 1110 1084 arteriarum
1133 1030 1208 1083 sunt
1234 1017 1296 1081 fre-

259 1139 404 1212 quentes,
419 1128 580 1206 durisnon
597 1150 721 1214 semper
731 1127 848 1191 validi:
872 1150 970 1214 genae
983 1128 1063 1197 laete
1081 1127 1216 1191 rubent:
1240 1123 1296 1186 ali-

258 1232 340 1317 quid
354 1255 424 1296 aere
438 1222 545 1297 fauces
567 1234 693 1297 titillare
707 1234 852 1299 videtur:
876 1221 1022 1297 humores
1036 1232 1098 1296 oris
1112 1251 1206 1318 aegro
1220 1251 1295 1292 eun·

258 1335 335 1399 dem
347 1337 414 1401 fere
430 1360 571 1424 saporem
585 1339 748 1424 praebent,
771 1362 865 1425 quem
887 1340 1010 1403 matrina
1031 1339 1143 1402 rodae:
1166 1336 1294 1399 demum

260 1440 368 1519 tussis,
391 1441 456 1505 sive
478 1443 629 1505 tussicula
651 1443 834 1528 sanguinem
855 1442 1079 1519 ruberrimuin,
1096 1428 1294 1525 spumantem

255 1559 294 1608 et
308 1547 426 1632 pituita
440 1548 581 1623 mistum,
597 1547 689 1630 ejiait.

303 1651 518 1734 Sletltoscopia
534 1649 671 1725 admota
695 1670 839 1712 murmur
854 1648 993 1734 spiritale
1007 1648 1100 1712 alicui
1121 1647 1205 1734 parti
1216 1647 1295 1732 pul-

257 1753 363 1815 monis
378 1753 484 1816 deesse
493 1752 641 1817 ·videtur:
667 1753 889 1841 strepitusque,
908 1753 1043 1840 Anglioe
1062 1775 1189 1818 marona
1203 1753 1296 1817 ratae

253 1859 374 1937 dictus,
390 1858 528 1923 auditur.
909 1862 912 1868 “
1183 1853 1186 1857 ’

618 2078 621 2082 “
687 2067 861 2120 siamus.

327 2185 362 2232 a.
389 2161 772 2258 Aenum-corpore
805 2164 920 2260 pleno,
955 2165 1011 2237 vel
1047 2163 1288 2237 exinanitione
1357 2213 1361 2219 -

258 2302 458 2374 suppressa,
485 2290 549 2351 aut
568 2282 692 2375 quovis
708 2282 939 2368 irritamento,
958 2281 1081 2367 veluti,
1107 2282 1191 2366 ictu.
1218 2277 1288 2352 cal·

261 2392 352 2476 aulo,
372 2393 497 2479 ulcere,
514 2397 573 2466 iic.
592 2405 678 2467 orta.
1377 2490 1379 2495 ‚

326 2507 357 2583 b.
386 2511 673 2597 Pass1vA,--ex
693 2536 877 2610 purpura
902 2512 1212 2607 laentorrltagica
1229 2511 1285 2582 vel

257 2625 441 2702 scorbario.

327 2771 356 2818 c.
385 2746 716 2833 Caeninum-ex
733 2746 830 2819 vitiis
848 2745 959 2818 cordis
977 2755 1064 2831 orta,
1082 2744 1154 2819 fere
1171 2757 1283 2818 stran-

255 2861 436 2955 gulatura
1052 2855 1056 2859 ’

409 3132 547 3197 XLIX.
571 3135 798 3213 PHTHISIS
821 3137 1142 3201 PULMONALIS.

312 3311 824 3409 Dnr1N1110.-Praegresso
852 3316 924 3390 fere
955 3319 1076 3390 morbo
1108 3317 1285 3411 pulmonis

257 3435 378 3510 acuto,
395 3427 534 3512 macies,
552 3425 658 3500 febn‘e
673 3426 821 3514 aecana,
848 3434 967 3515 tussis,
991 3443 1205 3525 sputumque
1221 3456 1286 3524 pu-

261 3541 313 3613 ris
327 3540 455 3614 vitiosi.

310 3656 454 3732 Causa
480 3661 1015 3734 enarramus-Exulceratm
1030 3659 1220 3758 pulmonis.

688 3888 864 3941 sancias.

309 4003 347 4050 a.
374 3979 943 4070 Gariannum-membrana
967 3990 1146 4086 pulmonis
1168 4010 1286 4066 muco-

259 4116 305 4167 so
320 4097 418 4190 prius
434 4098 664 4189 inflammata,
690 4115 727 4177 et
752 4129 819 4203 pus
844 4119 1068 4196 sesemente;
1099 4111 1195 4185 unde
1206 4112 1288 4208 gig·

261 4212 361 4285 nitur
379 4212 490 4288 ulcus
