3342 5208
503 540 1104 630 EMPHYSEMAJECCHYMOSIS.
1245 565 1330 636 157*

446 746 587 810 alienum*
605 747 707 820 foret3
732 747 815 809 unde
829 746 994 809 verisimile
1016 757 1073 824 est,
1096 768 1158 809 non
1173 754 1318 810 vasorum

448 852 718 937 lymphaticoram
734 851 788 913 sed
802 872 952 913 venarum
966 874 1042 925 esse,
1058 852 1230 914 absorbere.

531 1128 744 1203 CLXXXV.
767 1136 1080 1203 EMPHYSEMA.

353 1302 868 1415 Dumna-Plerumque
888 1324 1036 1416 pectoris
1053 1321 1196 1394 vulnere
1220 1343 1317 1419 prae*

301 1462 417 1534 gresso
434 1450 552 1510 tumor
569 1463 725 1510 summae
742 1439 842 1521 cutis,
867 1439 902 1507 vi
927 1441 1120 1534 perinsigni
1142 1439 1321 1512 resiliendi

301 1555 491 1650 praeditus,
520 1555 653 1637 firmus,
683 1564 864 1647 premente
889 1552 1002 1647 digito
1018 1578 1172 1648 crepans,
1198 1580 1321 1651 expers
1442 1563 1449 1570 ’

302 1670 449 1752 ruboris,
467 1667 598 1739 ardoris
615 1677 652 1737 et
668 1665 806 1749 doloris,
824 1666 895 1736 non
911 1666 1018 1760 digiti
1043 1668 1202 1762 impressi
1219 1671 1323 1741 vesti-

302 1786 402 1880 gium
419 1794 624 1873 retenturus
636 1806 657 1854 τ’
672 1781 829 1854 celeriter
846 1807 907 1876 per
923 1793 1039 1854 totum
1057 1807 1234 1857 summum
1252 1808 1323 1856 cor-

304 1924 370 1994 pus
385 1900 557 1971 diffusus:
583 1922 713 1993 magna
730 1897 885 1992 spirandi
902 1897 1101 1972 difficultas.

353 2016 483 2087 Variat
499 2040 561 2109 pro
578 2037 704 2098 causa3
732 2015 788 2085 vel
1028 2092 1031 2097 Δ

355 2153 390 2202 a.
409 2129 701 2202 SrorvrArvroum
719 2138 796 2199 est:
823 2128 861 2198 id
885 2139 949 2212 est,
977 2154 1040 2201 sua
1063 2141 1187 2225 sponte
1203 2158 1324 2229 aggre-
1366 2149 1371 2154 ’

307 2247 415 2329 ditur,
432 2247 508 2317 sine
524 2269 626 2315 causa
642 2242 838 2327 manifesta,
856 2252 935 2315 aere
951 2246 1049 2317 intus
1066 2258 1219 2319 secreto:
1245 2252 1312 2337 vel,

358 2362 389 2433 b.
418 2347 743 2443 Accrnsrvnaun,
770 2384 814 2430 ex
831 2362 943 2431 causis
959 2360 1124 2433 fabricam
1151 2364 1328 2458 pulmonis

308 2478 544 2550 violantibus:
571 2502 639 2572 quo
656 2477 699 2548 fit
714 2486 757 2546 ut
773 2462 891 2547 aditus
917 2478 989 2548 atri
1014 2479 1159 2571 patefiat
1176 2505 1196 2551 e
1213 2506 1327 2556 caver-

310 2596 366 2666 nis
382 2592 559 2688 pulmonis
576 2590 800 2685 spiritalibus,
826 2592 864 2660 in
881 2615 1043 2662 cavernas
1060 2591 1151 2664 telae
1166 2597 1328 2669 reticula-

311 2723 392 2797 tae;
418 2704 539 2803 quales
554 2718 647 2789 sunt,
664 2705 847 2777 molimina
863 2708 992 2799 gravia,
1010 2717 1116 2801 atque
1132 2709 1286 2784 vulnera.

471 2964 725 3075 ccxxxvi
751 2971 1065 3089 scsHvMosrs
1090 3015 1145 3075 sc.

365 3192 811 3268 nmmum-Macula
840 3194 967 3288 ampla,
997 3194 1068 3268 late
1094 3195 1165 3268 fere
1194 3195 1333 3286 diffissa,

314 3306 412 3407 prius
427 3310 547 3392 livida,
565 3308 647 3380 dein
664 3310 763 3391 flava,
781 3309 877 3381 fusca
894 3321 957 3381 aut
974 3311 1170 3397 subviridis,
1194 3328 1336 3412 propter

310 3444 472 3497 'cruorem
489 3426 527 3494 in
546 3421 636 3495 telae
653 3425 858 3495 reticulatae
874 3449 1035 3497 cavernas
1051 3428 1243 3520 profusum.

368 3541 602 3613 Tnnomnos
629 3549 683 3610 est
708 3539 798 3610 livor
822 3539 940 3610 minus
955 3538 1115 3625 diffusus,
1138 3542 1235 3614 haud
1250 3548 1338 3617 citra

319 3671 503 3743 tumorem,
520 3657 633 3730 cruori
649 3677 786 3750 quoque
803 3654 914 3725 effuso
932 3654 1149 3727 tribuendus.

369 3775 592 3845 Pnrrsssnn
618 3769 756 3842 macula
781 3781 834 3841 est
857 3767 967 3840 livida
996 3781 1033 3843 et
1060 3772 1199 3866 exigua,
1226 3778 1338 3848 cruori

322 3914 458 3987 quoque
475 3890 585 3960 effuso
601 3887 730 3959 debita.

371 4003 513 4075 Vnrax
529 4015 582 4075 est
598 4004 737 4076 macula
751 4003 861 4075 livida
878 4004 1026 4098 amplior
1049 4017 1086 4077 et
1109 4005 1269 4102 oblonga,
1295 4033 1339 4080 ex

322 4120 445 4194 multis
465 4117 642 4216 petecbiis
668 4120 875 4192 coeuntibus
901 4117 1016 4193 facta:
1046 4146 1146 4219 saepe
1162 4134 1243 4195 cute
1260 4148 1342 4196 vera

324 4239 467 4311 demum
483 4246 649 4333 resumta,
666 4257 908 4310 vrssronuam
927 4235 1184 4333 quodammodo
1199 4236 1317 4310 refert.
