3326 5188
577 489 991 577 nnncrno'oxnnrco
1065 570 1086 581 .,
1226 515 1304 589 949ι

279 711 348 786 tur,
377 721 446 796 quo
475 704 592 773 minus
622 727 797 774 venenum
827 712 1030 787 evomatur3
1060 702 1152 775 mala
1181 706 1299 777 omnia

271 822 346 914 jam
373 820 551 915 proposita
574 821 784 915 gignuntur,
810 830 847 892 at
870 821 978 892 serius
999 829 1036 891 et
1055 818 1207 907 leniora3
1235 846 1300 894 nec

275 944 367 1011 mors
385 939 553 1032 sequitur.
605 937 715 1023 Quod
733 938 762 1009 si
778 937 872 1010 idem
890 938 1016 1010 veneni
1043 938 1168 1011 modus
1190 931 1300 1012 mem·

275 1057 404 1128 branae
420 1076 568 1128 seroaae
585 1054 802 1140 admovetur,
820 1056 1000 1140 nimirum,
1025 1057 1064 1128 in
1082 1080 1206 1128 cavum
1223 1082 1303 1153 pec-t

277 1175 361 1246 toris
384 1172 607 1245 infunditur:
626 1174 740 1270 ⁴signa
763 1172 870 1269 hujus
895 1176 1021 1247 veneni
1046 1177 1185 1271 propria
1207 1202 1301 1249 acer-

276 1293 421 1364 bissima
445 1291 619 1387 plectunt,
646 1293 684 1364 in
707 1303 856 1366 mortem
884 1294 990 1366 citam
1017 1295 1165 1368 abitura.
1216 1295 1301 1369 Jam

275 1410 406 1494 notavi,
432 1407 577 1482 aeidum
595 1407 779 1483 omulicnm
800 1410 950 1485 dilutius
968 1423 1004 1484 et
1021 1413 1158 1507 parcius
1182 1412 1306 1487 admo-

277 1536 355 1601 t'um
380 1538 482 1600 notas
499 1527 667 1623 quasdam
694 1530 748 1600 sui
775 1529 906 1601 similes
930 1527 1068 1602 inferre.
1119 1528 1205 1603 Hae
1221 1555 1303 1605 vero

282 1660 367 1721 sunt
398 1648 516 1751 (modo
541 1648 637 1721 canis
662 1649 847 1746 acceperit)
887 1673 987 1720 crura
1015 1649 1148 1745 postica
1176 1650 1301 1744 rigida,

280 1777 388 1862 caput
413 1766 615 1853 demissum,
656 1766 777 1839 vultus
804 1765 966 1862 oculique
990 1764 1145 1850 hebetes,
1185 1777 1307 1840 motus

279 1886 486 1958 arteriarum
508 1886 646 1958 citiores
663 1897 699 1957 et
717 1885 837 1967 exiles,
865 1884 1047 1980 respiratio
1059 1890 1158 1981 justo
1176 1888 1302 1960 incita-

278 2007 348 2078 tior
377 2017 415 2079 et
431 2005 613 2104 languida.
664 2000 876 2091 Quinetiam
903 2029 1001 2077 crura
1030 2006 1163 2102 postica
1191 2008 1305 2102 magis

276 2127 459 2222 magisque
475 2125 645 2221 rigescere
660 2139 825 2223 pergunt,
852 2125 887 2197 vi
905 2122 1080 2197 sentiendi
1098 2124 1302 2197 simul'des‘

278 2244 410 2316 tituta:
436 2267 502 2315 nec
518 2267 596 2315 raro
613 2266 734 2315 eorum
750 2244 844 2337 rigor
861 2239 1082 2325 resolutione,
1100 2241 1137 2313 id
1155 2251 1219 2326 est,
1233 2266 1306 2339 pa·-

278 2360 409 2457 rolysa',
444 2372 625 2434 mutatur:
664 2360 819 2457 spirandi
852 2358 1041 2432 difficultas
1071 2359 1301 2454 ingravescit:

280 2479 481 2575 animalque
507 2478 698 2552 admodum
724 2480 908 2562 cruciatur,
934 2477 1107 2572 plerisque
1130 2477 1307 2550 musculo..

278 2598 376 2671 rum
392 2599 608 2693 rigentibus3
652 2597 794 2680 scilicet,
827 2618 973 2692 spasmo
1006 2594 1125 2667 lonico
1159 2596 1302 2668 affectis

279 2718 354 2790 His
371 2717 477 2803 malis
491 2715 662 2788 accedunt
680 2729 811 2812 stupor,
836 2727 942 2810 atque
958 2714 1304 2811 musculorumrigo-

279 2864 344 2922 res,
376 2837 551 2933 paulatim
570 2835 782 2908 resolutione
814 2833 982 2935 finiendi:
1017 2833 1190 2929 pauloque
1220 2847 1304 2907 ante

278 2968 439 3038 mortem,
456 2979 513 3028 cor
530 2956 589 3025 vix
607 2957 735 3027 micare
753 2954 927 3036 sentitur3
945 2942 1157 3049 spiritusque
1175 2951 1305 3025 sensim

278 3075 456 3160 tardescit,
476 3085 513 3148 et
529 3074 736 3171 languescit.

328 3192 540 3289 Cuicumque
566 3195 790 3279 membranae
816 3192 882 3265 hoc
904 3217 1077 3265 venenum
1101 3217 1243 3288 parcum
1268 3205 1306 3266 et

277 3308 434 3381 dilutum
462 3310 700 3391 admoveatur,
715 3400 717 3405 ι
732 3310 803 3380 sive
829 3303 985 3389 carosne,
1016 3310 1088 3381 sive
1115 3332 1309 3391 naucoscef
1367 3316 1370 3319 ’

278 3425 373 3498 mala
397 3450 488 3522 pene
513 3424 635 3498 eadem
662 3426 816 3496 accidere
839 3424 973 3509 solent3
1001 3449 1139 3520 nempe,
1160 3431 1235 3520 Jam
1254 3452 1307 3497 re..-

278 3545 372 3617 lata:
399 3545 468 3616 nisi
486 3542 590 3640 quod,
605 3552 738 3639 quanto
755 3546 867 3637 major
883 3541 989 3614 alicui
1007 3543 1229 3613 membranae
1246 3542 1306 3613 ab,

278 3664 439 3738 sorbendi
465 3663 614 3735 facultas
640 3664 834 3758 contingat,
862 3671 963 3734 tanto
986 3684 1109 3757 ocyora
1134 3670 1305 3756 tantoque

279 3784 471 3855 intentiora
489 3792 572 3854 sunt
588 3779 675 3853 haec
691 3779 794 3852 mala.
993 3873 996 3876 .

328 3899 368 3972 si
384 3900 500 3973 nervis
517 3901 615 3995 vagis
633 3911 670 3972 et
687 3897 961 3996 sympctlceticic
983 3901 1019 3970 in
1040 3899 1170 3972 cervice
1189 3902 1303 3985 sectis,

279 4046 320 4095 eo
336 4036 379 4092 ut
398 4017 530 4090 animal
545 4042 610 4089 nec
627 4028 776 4102 evomat,
802 4042 867 4090 nec
884 4016 1068 4091 molimina
1092 4014 1163 4090 hue
1179 4018 1305 4090 idonea
1334 4085 1338 4095 .

279 4137 372 4220 edat,
399 4137 498 4233 eopia
513 4137 638 4231 ingens
655 4133 754 4208 acidi
770 4132 906 4207 oaolici
930 4136 1057 4208 meraci
1075 4137 1112 4206 in
1131 4134 1305 4205 ventricu-

279 4257 355 4329 lum
379 4256 474 4330 canis
497 4252 720 4327 infunditur:
747 4279 885 4326 summa
901 4251 1112 4348 inquietudo
1131 4251 1306 4335 nascitur;
