3276 5194
389 510 470 576 338*
742 522 798 572 nr
817 520 1061 573 Aneononn..

390 693 440 781 (id
458 693 551 790 quod
567 692 746 766 interdum
764 694 916 785 accidit),
933 691 1169 765 ventriculum
1186 694 1412 767 vacuefacere

388 812 471 883 satis
488 812 564 883 erit.
616 810 736 905 Caput
753 810 960 906 erigendum
977 823 1049 893 est;
1070 812 1281 884 vestimenta
1295 826 1403 897 arcta,

386 927 442 1000 vel
474 927 620 1000 monilia
655 927 820 1020 (muliere
845 928 997 1021 affectat
1022 927 1146 999 cervici
1181 926 1410 999 subducenda

387 1060 480 1120 srsnt.
525 1048 645 1144 Caput
661 1073 751 1142 aqua
767 1046 895 1140 frigida
912 1055 1013 1119 aceto
1028 1047 1137 1118 mista
1150 1045 1266 1118 lavare
1282 1045 1405 1141 prode·

274 1154 282 1167 ⁸
386 1168 455 1251 rit;
481 1166 732 1262 praesertimsi
757 1164 862 1237 facies
885 1165 1038 1236 rubescit
1055 1175 1092 1236 et
1108 1173 1236 1236 tumet.
1288 1161 1414 1233 Dani--

385 1307 464 1378 que,
482 1283 523 1368 si,
540 1282 636 1356 hisce
659 1282 806 1354 auxiliis
825 1281 1019 1354 medicinae
1043 1304 1167 1376 parum
1194 1279 1412 1364 valentibus,

384 1399 490 1473 horno
506 1410 685 1496 soporatus
705 1402 820 1494 jacere
841 1408 985 1494 perstat,
1010 1399 1247 1471 instrumenta
1263 1397 1410 1492 spiritui·

385 1510 502 1590 diceto
521 1516 668 1589 incitare
684 1540 771 1612 opus
789 1517 867 1598 erit,
894 1514 1077 1587 ammonio
1093 1515 1236 1586 naribus
1250 1512 1413 1597 admota.
1470 1597 1474 1600 ‚

385 1633 547 1706 scintillis
563 1630 740 1705 electricir
755 1656 776 1703 e
790 1630 999 1727 praecordiis
1019 1628 1156 1720 elicitis,
1182 1640 1289 1724 atque
1315 1628 1404 1701 cale.-

382 1749 601 1823 facientibus„
608 1748 802 1822 ventriculo
818 1746 1006 1819 adhibitis.
1458 1754 1461 1760 ’

715 2036 1028 2052 m
1093 2026 1096 2035 '

714 2056 1027 2068 Ἥ

388 2254 561 2327 eccm.
615 2253 694 2325 DE
719 2253 976 2339 VENENIS,
1003 2254 1166 2340 QUAE
1189 2255 1406 2330 ANIMA..

672 2389 773 2462 LIA
799 2388 1114 2465 PRAEBENT.

428 2618 656 2691 Veneuorum
687 2642 732 2690 ex
759 2619 969 2723 animalibus
997 2619 1226 2694 deductorum
1254 2622 1403 2697 coemto

378 2747 541 2810 naturam
567 2737 724 2809 noudum
750 2737 840 2811 clare
864 2738 1055 2834 patefecit:
1081 2764 1151 2815 nou
1170 2741 1282 2814 solum
1300 2744 1398 2815 enini

352 2923 355 2928 .
378 2878 480 2951 aegre
497 2856 720 2938 obtinentur3
739 2878 860 2927 verum
877 2857 984 2928 etiam
1001 2856 1178 2952 probabile
1194 2867 1249 2930 est
1265 2884 1305 2931 ea
1322 2884 1395 2932 orn-

377 2975 437 3044 nia
453 2997 497 3043 ex
513 2973 638 3044 iisdem
665 2973 848 3046 elementis
874 2973 1010 3046 ultimis
1032 2985 1197 3048 constare.
1249 2976 1312 3050 De
1327 2977 1404 3062 hie,

376 3090 431 3160 uti
458 3088 503 3159 de
531 3088 674 3159 venenis
701 3113 790 3183 quae
817 3090 959 3185 plantae
985 3093 1176 3178 continent,
1203 3094 1397 3188 praedicari

373 3216 500 3302 potest,
527 3231 572 3279 ea
582 3217 659 3279 arte
678 3204 832 3281 chemioa
858 3211 897 3280 iu
921 3211 1092 3307 principia
1116 3211 1244 3284 ultima
1268 3215 1400 3287 resolvi]
1465 3243 1476 3261 ⁷

372 3348 490 3427 posse;
509 3330 655 3403 minime
673 3355 768 3415 vero,
776 3329 901 3403 iisdem
917 3331 1098 3427 principiis
1113 3334 1206 3405 inter
1223 3358 1259 3406 se
1276 3358 1392 3408 conso·

370 3449 471 3520 ciatis
486 3448 561 3520 fieri
578 3473 686 3544 posse.

388 3590 390 3595 ·
421 3562 525 3638 Inter
539 3564 626 3638 haec
642 3589 776 3637 venena
792 3567 976 3661 praecipue
997 3567 1214 3639 numeranda
1231 3577 1324 3653 sunt,
1351 3595 1399 3641 ea

373 3703 462 3776 quae
480 3682 611 3756 colubri
628 3706 746 3754 morsu
762 3682 927 3767 afferunt,
953 3708 994 3755 ea
1010 3708 1099 3778 quae
1115 3707 1238 3780 vespae
1256 3693 1292 3755 et
1309 3708 1402 3780 apes.

371 3816 436 3891 per
449 3797 586 3870 aculeos
601 3799 764 3882 afferunt,
782 3823 835 3872 res
853 3800 967 3871 variae
983 3808 1235 3894 putrescentes,
1255 3822 1400 3875 necnon

370 3934 505 3986 nenena
521 3915 672 4008 piscibus
690 3916 899 4010 quibusdam
915 3914 1154 3990 inhaerentia..
