3326 5188
340 599 557 664 nxrurosrs,
578 600 796 658 srcursoun
815 598 933 650 uuna
952 597 1161 651 omuunrs.
1214 585 1287 657 217

265 770 373 860 dicus,
389 796 612 848 TARTRATE
632 795 867 846 ANT1MON11
885 774 999 846 soluto
1016 775 1055 844 in
1072 797 1177 844 venas
1190 774 1285 845 canis

262 891 403 987 injecto,
430 894 531 990 signa
551 898 626 987 jam
654 902 846 965 memorata
869 890 1058 983 (ccxxrv)
1081 891 1118 961 in
1136 903 1284 963 mortem

262 1011 357 1083 abire
382 1013 529 1083 notavit.
574 1009 754 1082 Cadavere
783 1006 970 1102 patefacto,
999 1008 1202 1104 pulmonem
1231 1034 1284 1080 re·

261 1128 364 1220 perit,
389 1128 542 1212 firmum,
569 1128 706 1222 crepitu
726 1125 881 1200 naturali
904 1125 1128 1212 destitutum,
1152 1140 1284 1223 purpu-

259 1266 384 1328 reum;
427 1246 666 1337 membranam
700 1244 863 1316 intimam
898 1243 1060 1316 alimenti
1093 1257 1230 1317 meatus
1262 1271 1283 1316 a

259 1357 392 1432 cardia
417 1384 528 1457 usque
561 1361 605 1432 ad
638 1367 778 1433 rectum
802 1386 912 1456 aequo
938 1362 1148 1447 rubriorem3
1183 1364 1283 1457 quasi

259 1481 336 1573 ejus
353 1501 435 1549 vasa
451 1501 563 1551 ceram
581 1478 721 1549 rubram
738 1476 964 1571 liquefactam
982 1479 1202 1573 accepissent.

310 1594 420 1680 Quod
437 1596 467 1667 si
489 1616 677 1667 mannans
695 1614 931 1666 Aurluoun
957 1596 1151 1667 ventriculo
1175 1600 1280 1680 canis,
1308 1625 1312 1630 ·

260 1736 331 1785 non
349 1713 458 1795 venis,
484 1709 731 1795 committitur,
757 1722 863 1806 atque
874 1694 952 1783 'ima
968 1736 1047 1806 pars
1067 1711 1173 1808 gulae
1193 1713 1281 1808 liga-

259 1838 329 1912 tur,
343 1852 412 1923 quo
429 1829 547 1900 minus
564 1827 696 1899 animal
706 1828 842 1900 vomitu
853 1828 1025 1900 venenum
1044 1829 1182 1922 ejiciat3
1202 1828 1280 1900 Oa-

259 1964 359 2015 rrna
384 1944 545 2028 affirmat,
562 1944 699 2016 eosdem
718 1943 863 2017 effectus
879 1946 1110 2039 supervenire,
1136 1949 1196 2040 qui
1215 1944 1281 2018 hoc

257 2082 392 2132 veneno
417 2061 454 2130 in
472 2083 577 2131 venas
594 2059 724 2152 injecto
741 2071 962 2151 enascuntur.
1014 2058 1195 2156 Denique,
1221 2060 1281 2133 hic

257 2178 310 2248 vir
338 2176 535 2272 perceleber
564 2175 741 2247 edocuisse
766 2176 915 2259 videtur,
942 2197 1130 2248 sannaus
1156 2198 1278 2249 ΑΝΤΙ-

259 2314 386 2366 Mourr
405 2313 534 2365 Aemo
552 2312 774 2377 anan0s0,
791 2294 886 2388 quod
903 2293 947 2364 ad
965 2296 1150 2381 actionem,
1169 2297 1279 2368 simil·
1382 2342 1386 2347 -

258 2410 384 2480 limum
406 2434 499 2482 esse:
525 2407 592 2481 hoc
608 2432 690 2479 sane
708 2419 864 2504 excepto,
889 2408 983 2504 quod
1009 2411 1046 2481 in
1072 2436 1196 2487 venam
1223 2415 1277 2486 in·
1298 2492 1327 2503 Ν

251 2531 387 2621 jectum
406 2527 558 2620 cujusvis
575 2523 781 2596 animalium
795 2550 884 2620 quae
898 2552 1034 2601 vomere
1050 2541 1206 2622 possunt,
1220 2557 1279 2603 vo-

255 2645 383 2715 mitum
401 2640 473 2713 fere
490 2649 618 2712 movet.

147 3024 149 3029 Ι
255 2942 546 3010 ccxxvl.‘1)n
570 2945 799 3021 RATIONE,
824 2947 922 3023 QUA
945 2947 1171 3015 TARTRAS
1194 2953 1273 3017 AN.
1330 2936 1333 2941 ’

556 3053 754 3118 ΤΙΜΟΝΙΙ
779 3052 975 3117 LAEDIT.

302 3234 570 3330 Experimentis
594 3247 699 3307 antea
720 3235 825 3308 dictis
849 3235 971 3321 fretus,
998 3237 1077 3324 (nec
1095 3239 1198 3313 video
1212 3268 1274 3317 cur

250 3338 376 3425 iisdem
394 3351 624 3447 diffidamus),
644 3351 804 3446 judicare
820 3351 917 3424 haud
935 3353 1069 3439 dubito,
1086 3354 1152 3428 hoc
1171 3384 1275 3433 vene·

250 3490 336 3537 num
353 3465 491 3538 laedere
507 3475 544 3536 et
561 3464 705 3536 demum
722 3489 855 3549 necare,
883 3491 924 3537 eo
950 3467 1043 3562 quod
1067 3468 1113 3538 ad
1133 3474 1273 3567 sangui-

250 3608 331 3657 nem
349 3583 651 3657 circumfluentem
670 3581 829 3656 delatum
849 3595 966 3680 partes
981 3586 1163 3659 interiores
1180 3591 1273 3663 vitae

250 3702 467 3785 necessarias,
491 3701 677 3801 praecipue
694 3702 883 3785 cerebrum,
907 3701 1025 3773 afficit.
1078 3701 1271 3778 Cerebmm

249 3821 451 3913 praesertim
470 3820 547 3913 pati
568 3818 689 3892 docere
706 3819 871 3892 videntur
888 3830 1021 3914 stupor,
1046 3822 1191 3918 vertigo,
1217 3836 1271 3898 at-

250 3960 319 4031 que
329 3933 547 4033 paralysim
573 3962 662 4032 quae
678 3937 744 4010 hoc
755 3962 930 4011 venenum
947 3942 1137 4036 ingestum,
1151 3942 1271 4017 vulne-

249 4056 323 4126 rive
340 4063 403 4126 aut
419 4076 528 4125 venae
554 4056 787 4141 commissum,
805 4057 996 4153 excipiunt.
1047 4058 1176 4155 Neque
1192 4086 1273 4134 vero

248 4170 355 4243 nihili
373 4171 545 4243 actionem
563 4168 685 4255 habeo,
712 4197 780 4267 qua
802 4172 868 4246 hoc
891 4200 1065 4248 venenum
1091 4178 1269 4271 ingestum

249 4290 487 4361 membranam
506 4312 681 4362 mucosam
700 4300 863 4364 contactu
880 4293 1006 4365 irritat.
