3342 5208
644 531 919 589 scscmrrua.
1220 514 1293 587 127

422 710 491 777 dior
506 711 547 775 sit
562 730 664 796 aeger,
678 718 860 792 quantoque
881 703 1019 791 corporis
1040 698 1151 766 habitu
1175 699 1298 765 meliori

421 816 557 894 fruatur,
583 825 672 879 lanto
696 812 797 898 magis
821 822 926 875 cutem
950 809 1123 886 rubescere,
1146 812 1298 891 tantoque

422 921 526 984 minus
540 918 727 983 inflammari
741 915 953 980 membranam
966 934 1134 980 mucosum.

381 1026 507 1089 Habitu
527 1025 625 1111 igitur
649 1024 734 1087 bono
756 1022 863 1086 fauces
884 1042 980 1106 quam
1000 1020 1154 1085 levissime
1175 1019 1296 1084 inflam-

423 1144 562 1209 mantur,
589 1130 733 1215 cutisque
747 1128 838 1194 valde
857 1128 970 1193 rubet:
992 1127 1028 1192 id
1041 1139 1099 1207 eat,
1114 1127 1300 1194 §annana

424 1239 556 1326 aimplcrc
570 1237 779 1302 constituitur.

382 1344 506 1407 Habitu
526 1344 664 1431 corporis
685 1343 790 1407 minus
809 1342 903 1420 felici,
918 1343 1024 1408 fauces
1037 1343 1166 1428 gravius
1178 1339 1299 1405 inflam-

425 1463 552 1515 mantur
566 1461 598 1515 et
612 1451 843 1528 exulcerantur,
864 1461 938 1515 cuae
960 1450 1054 1513 simul
1075 1450 1161 1513 haud
1185 1471 1297 1535 porum

424 1557 577 1621 rubente:
600 1556 634 1618 id
649 1567 706 1633 est,
722 1556 908 1621 Scurlarina
920 1554 956 1617 fit
970 1557 1136 1640 uliginosa.

384 1662 510 1726 Habitu
525 1659 620 1738 malo,
634 1661 818 1744 viribusque
836 1658 953 1737 fraena
968 1658 1074 1722 fauces
1086 1657 1301 1743 gransamam

426 1777 459 1828 et
485 1764 656 1851 malignam
685 1764 961 1844 inflammationem
983 1762 1131 1842 subeunt,
1157 1764 1302 1850 cutisque

428 1889 491 1932 non
504 1869 564 1932 nisi
578 1869 690 1933 livores
703 1890 821 1954 paucos
834 1867 885 1931 hic
899 1867 962 1932 illic
976 1868 1131 1954 dispersos
1145 1870 1299 1934 ostendit:

427 1973 553 2054 seilicet,
568 1974 753 2040 Scariclinc
767 1985 813 2037 est
828 1975 982 2061 maligna.

279 2104 283 2107 ¹
385 2078 543 2165 Denique,
554 2078 732 2146 Vrrnsnos
747 2076 891 2156 affirmat,
902 2077 1009 2142 fauces
1023 2079 1130 2143 unicas
1143 2080 1302 2144 interdum

427 2185 579 2264 laborare,
594 2196 667 2248 cute
689 2204 754 2247 non
777 2183 994 2262 efflorescente,
1009 2184 1051 2247 ob
1070 2184 1214 2248 habitum
1237 2208 1303 2250 cor-

429 2291 515 2375 poris
527 2290 715 2376 pessimum:
739 2287 828 2374 quod
841 2288 959 2352 malum
983 2289 1173 2374 Cynanclren
1191 2292 1306 2381 malig.

428 2414 504 2458 nam
524 2395 656 2481 appello.
701 2392 752 2459 Ne
770 2405 877 2458 autem
899 2392 1077 2458 nominibus
1100 2394 1302 2483 decipiamur,

430 2514 494 2554 non
511 2493 654 2558 oblivisci
670 2504 807 2580 oportet,
824 2494 1015 2579 Gyrranclron
1037 2495 1213 2580 malignum
1230 2498 1304 2560 Cul-

430 2596 589 2659 lanionum
603 2619 676 2658 eum
690 2619 755 2658 esse
768 2598 926 2673 morbum,
941 2618 1037 2680 quem
1052 2597 1195 2660 hodierni
1209 2601 1306 2663 Scar,

431 2700 564 2763 latinam
581 2699 755 2784 amligrmm
768 2696 935 2784 appellant.

324 2901 354 2944 a.
378 2881 488 2946 Sroua
505 2883 753 2947 &murmura
770 2900 938 2946 srurmcn
959 2891 1034 2945 sunt
1044 2885 1194 2969 murm,
1209 2885 1307 2949 rubor

281 2985 355 3064 oris,
368 2984 509 3050 faucium
523 2997 556 3050 et
569 2986 697 3072 linguae
711 2985 862 3051 saturior:
886 2985 1022 3074 papillae
1034 2986 1161 3074 liuguae
1173 2988 1247 3074 plus
1259 3012 1309 3053 ae-

281 3111 346 3177 quo
359 3092 569 3176 prominentes
579 3116 588 3154 ε
610 3090 743 3186 rotandi
755 3090 924 3156 difficultas
936 3092 1013 3156 levia
1027 3103 1084 3156 aut
1097 3092 1193 3156 nulla

323 3197 386 3259 Die
401 3197 537 3261 secundo
551 3196 687 3260 seriusve
700 3196 799 3262 rubor
812 3198 999 3262 aatmrimus
1010 3217 1070 3280 per
1083 3195 1194 3261 faciem
1202 3211 1234 3263 et
1244 3222 1309 3263 cer.

280 3299 373 3375 vices,
388 3311 496 3383 atque,
510 3299 596 3363 horis
610 3301 727 3364 exactis
742 3321 837 3377 xxrv,
851 3322 909 3387 per
922 3312 1022 3364 rotam
1037 3322 1190 3366 summam
1204 3317 1308 3369 cutem

280 3401 426 3480 diffisus,
441 3424 459 3465 e
472 3405 676 3489 stigmatibus
697 3405 869 3468 innumeris
889 3406 1016 3468 tandem
1036 3405 1163 3471 coituris
1183 3431 1308 3499 compo-

281 3506 380 3572 situst
407 3506 514 3572 triduo
527 3518 637 3572 exacto
649 3506 845 3587 decessurus,
868 3520 902 3572 et
923 3509 957 3571 in
979 3530 1125 3594 squamas
1138 3511 1255 3576 furfuri
1267 3515 1309 3576 si-

280 3612 369 3677 miles
383 3613 547 3679 abiturus:
572 3633 677 3701 pono,
692 3612 787 3677 lucica
801 3613 935 3692 tumido,
949 3625 981 3677 ct
995 3613 1081 3677 calor
1093 3616 1212 3701 ingens.

346 3757 392 3826 Ν.
402 3760 564 3825 B.-Rite
578 3771 688 3825 curata
707 3758 848 3846 periculo
869 3758 934 3823 fere
949 3771 1058 3824 vacat:
1082 3761 1248 3828 Anasarca
1263 3775 1308 3829 ta-

432 3885 504 3927 men
519 3887 609 3950 saepe
623 3888 693 3929 eam
706 3863 831 3951 excipit.

323 4043 353 4106 b.
377 4042 487 4108 Sinus
497 4046 745 4113 §carnarium
761 4067 957 4115 sucinosar
974 4060 1057 4129 sunt,
1066 4054 1208 4137 pyreum
1219 4052 1309 4115 vehe-

282 4146 427 4226 mentior,
443 4148 515 4227 oria,
531 4151 670 4216 saucium
682 4165 716 4220 et
730 4154 855 4242 linguae
878 4154 977 4236 dolor,
994 4157 1241 4240 satmrimusque
1257 4177 1310 4216 ru.

282 4252 357 4320 bor:
381 4253 535 4340 glutiendi
549 4257 733 4327 difficultas:
758 4284 848 4348 saepe
861 4261 1109 4348 amygdalarum,
1122 4260 1218 4344 palati
1233 4260 1311 4324 mol-
