3326 5188
417 517 488 590 194
540 529 595 581 nu
616 526 749 581 srerms
766 529 893 580 nemo
912 526 1121 580 Ausuuoso
1140 527 1351 581 omuums.

417 703 635 778 desidiosum
653 729 693 776 eo
711 703 923 786 consociatis,
950 702 1037 775 sales
1062 704 1349 791 constituuntur3
1366 707 1436 800 qui

416 821 627 896 Arocniotu
643 823 880 895 nominantur.

467 939 895 1027 c,d.Sunr11unurum
927 952 1104 1009 suevum
1134 940 1189 1010 vel
1219 957 1321 1012 auru
1353 961 1437 1012 rre-

312 1060 316 1066 ’
414 1066 618 1143 'munuum
640 1069 749 1154 atque
766 1078 1076 1130 suurnunuuum
1102 1078 1289 1142 nussum,
1314 1058 1353 1130 id
1369 1070 1432 1143 est,

418 1197 629 1260 REALGAR,
644 1201 744 1271 saepe
757 1174 993 1247 effodiuntur:
1020 1187 1056 1247 et
1069 1175 1183 1249 multo
1199 1178 1317 1249 minus
1333 1179 1436 1250 exiti-

418 1322 477 1371 osa
494 1308 577 1370 sunt
595 1318 700 1391 quam
717 1305 821 1367 antea
838 1293 952 1365 dicta:
979 1293 1072 1389 quod
1090 1296 1119 1366 si
1137 1306 1211 1367 arte
1227 1319 1433 1392 praeparan-

416 1427 493 1499 tur,·
513 1416 678 1487 acerrima
704 1423 787 1485 sunt
813 1435 966 1483 venena:
993 1415 1092 1505 eujus
1117 1414 1167 1483 rei
1196 1414 1287 1484 ratio
1311 1437 1432 1505 parum

415 1543 560 1605 constat.

505 1836 629 1899 CCXI.
662 1835 726 1897 DE
751 1833 904 1897 SIGNIS
928 1832 1074 1895 ACIDO
1097 1834 1339 1898 ARSENOSO

803 1958 1041 2022 ORIUNDIS.
1093 1988 1097 1993 ·
1124 2012 1127 2015 .

348 2208 351 2211 r
460 2146 640 2215 AcIDUM
658 2162 908 2214 ARSENOsUM
934 2154 1007 2214 tam
1033 2164 1134 2237 paroc
1157 2143 1348 2216 ministrari
1370 2169 1430 2239 po-

392 2270 490 2365 test,
516 2270 558 2331 ut
583 2261 670 2331 citra
695 2269 856 2343 mortem,
883 2270 984 2330 notas
1006 2268 1176 2330 terrentes
1200 2259 1347 2355 gignat:
1374 2261 1429 2333 vel

408 2380 485 2450 ficri
501 2387 617 2472 potest
633 2389 675 2450 ut
692 2377 798 2471 paulo
822 2375 956 2472 largius
980 2377 1159 2472 ingestum
1185 2375 1281 2448 haud
1299 2388 1428 2462 tamen,

408 2495 477 2567 nisi
507 2495 601 2581 ultra
630 2494 751 2565 horam
778 2494 981 2589 vigesimam
1009 2503 1184 2589 quartam,
1206 2508 1347 2568 enecet:
1373 2496 1428 2567 vel

406 2612 559 2706 denique
575 2610 699 2683 modus
716 2609 865 2706 amplior
880 2635 1001 2683 necem
1014 2611 1109 2701 intra
1125 2609 1227 2682 horas
1244 2633 1351 2683 xxrv
1367 2610 1428 2684 ho
1461 2705 1466 2711 ⁸

407 2732 496 2802 mini
513 2730 700 2802 adsciscere
717 2740 844 2824 potest.

311 3052 314 3057 J
456 2965 526 3035 Du
546 2983 680 3035 srerms
699 2985 757 3034 ux
773 2985 901 3035 Aorno
920 2983 1130 3035 nnsuuoso
1151 2985 1284 3035 Ponere
1310 2988 1427 3038 imur-

408 3103 564 3154 suutnro
594 3103 719 3155 crura
752 3103 933 3154 morsum
964 3072 1324 3176 uxorema-Signa
1342 3101 1427 3156 sunt

405 3199 584 3272 molestiae
602 3224 722 3272 sensus
738 3201 827 3272 circa
843 3198 1063 3293 praecordia
1081 3197 1178 3269 dolor
1195 3200 1337 3301 ventris,
1351 3201 1425 3294 pal-

405 3318 530 3413 pebrae
554 3317 723 3402 tumidae,
748 3299 883 3403 rubrae,
901 3316 1058 3413 rigidae:
1082 3316 1247 3412 gingivae
1272 3330 1423 3403 tenerae,

403 3434 537 3517 rubrae,
555 3432 712 3505 dolentes
724 3458 795 3505 :os
811 3434 941 3506 salivae
955 3431 1121 3527 plenum:
1145 3432 1302 3526 pruritus
1315 3435 1423 3516 outis;

404 3576 491 3646 quae
509 3550 657 3623 subinde
674 3551 874 3623 efflorescit:
904 3549 1137 3644 inquietudo:
1168 3549 1294 3621 tussis:
1324 3549 1421 3622 doior

401 3671 544 3761 ospitis:
570 3670 761 3762 urinaeque
777 3666 968 3739 difficultas
983 3664 1192 3750 reddendae,
1218 3678 1323 3761 atque
1346 3692 1422 3740 sen-

401 3807 460 3855 sus
476 3772 608 3856 ardoris
630 3786 724 3857 inter
742 3783 985 3880 mingendum.
1069 3811 1074 3820 ·
1357 3823 1360 3827 ·

369 3914 371 3919 '
408 3936 411 3943 ·
449 3899 488 3971 Si
505 3900 685 3995 aliquanto
700 3902 781 3997 plus
798 3901 923 3975 veneni
948 3924 1071 3996 eorpus
1094 3903 1250 3988 subierit,
1277 3915 1314 3976 at
1334 3893 1421 3977 citra

397 4027 565 4101 mortem
582 4017 698 4091 fauces
714 4019 884 4091 exardent
901 4031 938 4091 et
954 4032 1072 4092 arent:
1098 4020 1184 4094 dein
1196 4022 1349 4095 vomitus
1362 4048 1416 4097 ac-

397 4136 500 4210 cedit.
528 4137 658 4213 Postea
675 4136 940 4230 superveniunt,
955 4136 1018 4211 diu
1035 4129 1208 4223 mansura,
1228 4151 1334 4213 notae
1350 4143 1418 4212 cibi

394 4255 487 4328 male
503 4256 667 4339 consecti,
692 4254 780 4325 vires
805 4251 942 4340 fractae,
968 4267 1063 4329 artus
1085 4253 1262 4351 paralysi
1288 4257 1414 4329 soluti:
