3326 5188
384 478 456 547 248
689 492 745 548 nu
763 489 892 546 Aorno
911 492 1106 547 oxanrco.

386 683 455 744 tur.
499 670 659 745 Demum
679 671 774 744 canis
790 672 827 743 in
841 650 957 743 'unum
975 671 1070 744 latus
1087 670 1224 755 incidit,
1242 669 1410 744 musculis

383 790 545 861 omnibus
570 790 667 886 prius
691 789 900 885 ligentibus,
925 789 1031 884 paulo
1054 798 1176 884 postea
1194 789 1342 871 laxatis;
1372 801 1409 862 et

333 936 336 942 ¹
386 908 493 981 tertia
517 908 654 981 circiter
677 906 783 980 horae
806 915 907 1002 parte
923 905 1040 1004 elapsa
1057 908 1217 991 moritur,
1242 906 1410 979 musculis

385 1029 479 1099 inter
508 1026 729 1101 moriendum
759 1025 943 1098 convulsis.
1000 1026 1133 1100 Mortis
1162 1026 1308 1099 articulo
1332 1029 1409 1121 jam

384 1158 578 1243 praesente,
608 1145 646 1218 id
673 1156 737 1231 est,
766 1144 990 1219 convulsione
1014 1149 1090 1240 jam
1116 1145 1227 1220 relata
1250 1145 1410 1217 nondum

386 1266 499 1351 finita,
517 1291 574 1337 cor
590 1266 719 1338 micare
735 1289 806 1338 non
823 1266 986 1338 sentitur.
1027 1263 1208 1337 Cadavere
1224 1289 1325 1359 porro
1342 1274 1411 1336 sta·

386 1386 454 1456 tim
479 1394 558 1481 post
583 1384 748 1457 ultimam
773 1382 1034 1456 convulsionem
1050 1384 1287 1479 quiescentem
1312 1391 1411 1479 pate-

385 1501 489 1586 facto,
507 1527 563 1574 cor
579 1526 648 1574 non
667 1500 811 1574 stimulo
828 1500 970 1574 admoto
987 1499 1227 1575 contrahitur:
1253 1526 1310 1575 cor
1325 1500 1409 1574 dex-

385 1633 481 1694 trum
500 1622 672 1719 sanguine
689 1622 835 1730 subatro
848 1621 1054 1717 superfluit;
1077 1620 1177 1694 laevo
1193 1632 1312 1694 autem
1330 1620 1413 1695 sub-

388 1751 442 1813 est
459 1740 645 1848 paululum
664 1741 845 1836 sanguinis
862 1740 1022 1813 coccinei.

432 1857 645 1932 Ventriculo
662 1860 793 1930 mortui
811 1860 906 1931 canis
931 1860 1155 1953 introspecto,
1177 1869 1277 1954 parte
1303 1857 1408 1932 horae

386 1992 489 2050 xvm¹²
517 1986 598 2072 post
631 1987 778 2049 mortem
815 1987 948 2060 exacta,
981 1974 1105 2049 haecce
1138 1979 1408 2073 conspiciuntur.

386 2096 601 2171 Membrana
627 2096 761 2167 extima
785 2108 923 2191 praeter
957 2094 1100 2168 solitum
1126 2098 1216 2168 vasis
1245 2096 1410 2171 distentis

292 2262 298 2273 ·
383 2217 497 2291 rubet.
534 2214 660 2288 Sordes
677 2213 782 2300 olida,
800 2238 911 2286 crassa
928 2225 965 2287 et
982 2216 1125 2287 subatra
1145 2215 1338 2288 ventriculo
1355 2217 1410 2287 in-

386 2360 460 2408 esse
477 2333 628 2406 videtur.
680 2333 894 2405 Membrana
918 2334 1046 2407 intima
1071 2332 1131 2407 hic
1155 2333 1229 2405 illic
1254 2359 1349 2407 erosa
1373 2347 1410 2408 et

386 2451 581 2525 rubicunda
597 2463 764 2547 apparet3
783 2453 987 2547 praesertim
1005 2453 1094 2524 eirca
1111 2451 1287 2526 cordium.
1321 2453 1411 2526 Par-.

386 2584 440 2645 tes
457 2569 614 2667 ejusdem
632 2571 838 2664 superstites
854 2569 995 2666 fragiles
1013 2580 1107 2654 sunt,
1125 2569 1358 2656 fusooflavae,
1375 2585 1411 2646 et

388 2693 507 2763 minus
524 2699 628 2771 arcte,
644 2713 749 2783 quam
763 2686 832 2761 fert
848 2699 986 2773 natura,
1000 2713 1080 2761 cum
1098 2691 1301 2763 membrana
1317 2715 1413 2762 mus-

389 2808 815 2889 orrlosaoommittuntu13
832 2804 928 2889 haud
946 2831 1048 2902 aegre
1065 2807 1295 2881 divellendae.
1323 2809 1412 2883 Pars

388 2929 574 3002 ventriculi
591 2928 724 3022 postica
742 2951 853 3022 aequo
868 2927 1004 2998 rubrior
1020 2936 1084 3010 est,
1098 2927 1196 2999 venis
1209 2931 1284 3021 ejus
1298 2943 1412 3002 tume-

385 3046 498 3130 factis,
524 3055 561 3117 et
577 3069 696 3118 cruore
720 3044 771 3117 ibi
796 3046 891 3116 inter
914 3044 1154 3115 membranam
1179 3068 1356 3118 mucosam
1373 3057 1411 3118 et

388 3163 621 3238 musculosam
639 3164 725 3239 fuso.
777 3164 870 3237 Pars
885 3164 1109 3235 membranae
1125 3161 1230 3258 gulae
1252 3163 1412 3251 intimae,

390 3309 480 3382 quae
504 3285 743 3382 aligamento
766 3283 960 3380 jamdicto
986 3283 1031 3355 ad
1056 3281 1412 3380 cardiompertinet,

390 3426 517 3500 rugosa
534 3413 587 3475 est
604 3403 776 3497 caesiique
794 3399 937 3483 coloris3
964 3410 1003 3472 at
1020 3400 1125 3472 simul
1143 3399 1269 3474 valida:
1321 3400 1411 3474 Cae-

389 3535 466 3594 tera
482 3522 651 3593 viscerum
669 3520 808 3614 integra
825 3542 898 3590 esse
914 3517 1146 3614 reperiuntur.

438 3640 729 3734 Quotiescunque
759 3635 905 3709 acidum
931 3633 1115 3710 oculiccm
1144 3659 1318 3707 meracum
1346 3635 1414 3708 lar-

388 3763 468 3855 gius
484 3759 704 3841 concedatur,
729 3759 830 3853 signa
841 3759 916 3852 jam
934 3766 1126 3828 memorata
1142 3778 1324 3851 nunquam
1341 3779 1413 3826 non

391 3878 612 3970 supervenire
632 3887 866 3960 consuerunt3
893 3885 1063 3971 tantoque
1088 3874 1256 3971 graviora,
1282 3885 1414 3970 quanto

390 3992 542 4089 amplius
558 3996 685 4066 veneni
701 3996 893 4090 ingeratur.

438 4112 483 4187 Β.
512 4111 551 4184 Si
569 4112 668 4208 copia
684 4112 814 4206 exigua
830 4108 927 4182 acidi
943 4109 1081 4185 ocalici
1106 4112 1221 4186 multa
1237 4137 1328 4209 aqua
1345 4111 1414 4184 dis-

393 4232 499 4305 soluti
518 4232 556 4304 in
574 4227 807 4304 ventriculum
838 4230 932 4302 oanis
949 4230 1130 4325 injicitur3
1157 4241 1194 4304 et
1209 4229 1304 4327 gula
1328 4228 1417 4326 liga-
