3326 5302
368 554 414 618 12
742 570 881 621 runux
899 572 1057 625 neuun.

440 739 604 799 CCXLIV.
626 743 673 801 De
687 744 788 802 Acidis
801 745 963 804 acrioribus.

456 842 603 899 CCXLV.
625 843 673 900 De
687 843 780 901 Acido
794 844 976 923 Sulphurieo.

439 940 604 1000 CCXLVI.
624 942 672 1000 De
687 941 784 1020 Signis
798 943 891 1002 Acido
904 943 1070 1020 sulphurieo
1082 945 1194 1021 ingesto
1207 943 1284 1001 ortis.

423 1038 605 1096 CCXLVII.
626 1039 674 1098 De
688 1024 786 1117 Signis
799 1041 936 1099 cadavere
950 1052 1027 1099 secto
1040 1043 1169 1119 repertis.

405 1135 604 1195 CCXLVIII.
627 1137 675 1195 De
688 1138 810 1197 necandi
823 1139 942 1197 ratione.

441 1232 605 1292 CCXLIX.
628 1233 675 1292 De
688 1234 781 1293 Acido
794 1236 960 1312 sulphurieo
973 1234 1142 1311 detegendo.

518 1332 603 1390 CCL.
625 1333 673 1391 De
687 1334 835 1393 Remediis
848 1334 974 1392 utendis.

503 1522 605 1580 CCLI.
627 1522 673 1579 De
687 1521 781 1579 Acido
795 1522 918 1581 Nitrieo.

489 1619 607 1677 CCLII.
630 1619 678 1678 De
692 1620 790 1697 Signis
804 1621 897 1680 Acido
910 1624 1022 1691 uitrico,
1038 1626 1150 1703 ingesto
1163 1626 1241 1683 ortis.

472 1716 607 1776 CCLIII.
629 1719 676 1777 De
691 1718 798 1795 Signis,
813 1719 950 1779 cadavere
965 1734 1051 1792 secto,
1065 1725 1195 1801 repertIs.

474 1816 606 1875 CCLIV.
630 1816 677 1872 De
692 1816 825 1884 Ratione,
839 1838 897 1892 qua
910 1819 1036 1876 Acidum
1050 1821 1187 1880 uitricum
1202 1834 1292 1880 necat.

493 1914 607 1971 CCLV.
630 1914 677 1971 De
690 1913 784 1971 Acido
797 1914 900 1972 uitrico
913 1915 1082 1994 detegendo.

473 2011 604 2071 CCLVI.
627 2011 674 2069 De
689 2012 837 2071 Remediis
851 2013 976 2072 utendis.

458 2199 606 2259 CCLVII.
629 2201 676 2257 De
690 2200 783 2259 Asido
797 2202 961 2262 Muriatieo.

439 2300 604 2360 CCLVIII.
627 2300 674 2358 De
688 2300 786 2377 Signis
800 2300 893 2361 Acido
905 2306 1057 2363 murIatico
1070 2307 1182 2383 ingesto
1195 2309 1274 2378 ortis,
1290 2312 1341 2368 &e
1359 2314 1409 2370 &e

382 2459 385 2463 ,
471 2399 604 2458 CCLIX.
626 2399 673 2456 De
687 2398 780 2457 Aeido
793 2401 944 2459 muriatioo
958 2403 1127 2480 detegendo.

484 2499 602 2557 chx.
626 2498 673 2557 De
688 2498 836 2557 Remediis
851 2500 975 2558 utendis.

468 2675 602 2735 CCLXI.
623 2674 671 2733 De
684 2674 777 2734 Asido
791 2676 919 2735 Oxalieo.

455 2772 604 2833 CCLXII.
627 2772 673 2829 De
688 2771 796 2847 Signis
810 2773 903 2831 Acido
916 2773 1025 2831 oxalico
1039 2776 1151 2851 ingesto
1164 2776 1242 2845 ortis,
1258 2790 1344 2856 atque
1359 2795 1422 2858 post

668 2877 789 2924 mortem
804 2869 933 2943 repertis.

442 2966 605 3032 CCLXIII.
625 2966 673 3024 De
687 2966 805 3023 nocendi
819 2965 925 3023 ratione
939 2967 1136 3043 experimentis
1152 2969 1212 3047 jam
1233 2972 1314 3029 dietis
1335 2974 1422 3033 dedu·

680 3067 777 3124 cende.

449 3157 610 3234 CCLXIV.
631 3168 679 3226 De
696 3167 787 3225 Anido
801 3166 908 3225 oxalieo
923 3168 1088 3245 detegendo.

461 3271 608 3334 chXv.
628 3269 676 3327 De
690 3267 834 3325 Remediis
848 3269 968 3326 utendis.

451 3449 612 3513 CCLXVI.
632 3448 680 3507 De
695 3449 796 3524 Aquae
810 3447 950 3508 bullientis
963 3450 1073 3509 actione
1087 3452 1252 3510 venenifera.
1377 3465 1378 3468 ’

434 3642 610 3706 CCLXVII.
631 3641 776 3707 Quaedam
792 3640 827 3698 de
843 3628 962 3697 Plumbo
976 3640 1040 3715 igne
1053 3639 1209 3715 liquefacto.

421 3854 613 3917 CCLXVIII.
633 3854 681 3913 De
696 3854 854 3912 Alkalibue.

447 3955 609 4018 CCLXIX.
629 3956 677 4014 De
692 3956 816 4025 Potmsa,
828 3953 986 4031 salibusque
1000 3953 1069 4032 ejus,
1081 3958 1237 4015 venenandi
1250 3961 1419 4036 potentibus.

462 4058 608 4119 CCLXX.
628 4059 676 4117 De
692 4057 784 4135 Signis
799 4058 916 4116 Petason
929 4056 1024 4134 ejusve
1038 4058 1141 4117 salibus
1155 4060 1272 4137 ingestis
1287 4064 1420 4124 oriundis.

447 4160 609 4223 CCLXXI.
629 4161 677 4219 De
692 4160 794 4237 Signia,
810 4159 943 4217 cadavere
958 4170 1044 4230 secto,
1059 4161 1183 4237 repertis.

431 4261 609 4326 CCLXXII.
629 4261 676 4319 De
691 4260 808 4321 Potaese
821 4258 936 4337 ejusque
950 4259 1052 4319 salibus
1067 4261 1237 4338 detegendis.
