3326 5188
569 506 625 563 ns
644 510 772 564 nenio
791 506 986 561 extimes.
1220 494 1291 561 245
1402 567 1406 573 ,

267 697 408 782 reptum
436 685 501 759 hoe
528 684 634 761 acido
658 686 837 782 inquinari
867 684 1105 781 suspicamur3
1139 684 1292 757 eundem

265 804 422 878 colatum
451 805 548 900 prius
569 812 734 902 potasse,
764 803 846 875 dein
874 802 1015 875 nitrate
1037 804 1176 898 argenti
1202 827 1293 898 aqua

268 922 448 1009 dissoluto,
475 925 619 996 miseere
636 947 723 1018 opus
750 923 838 993 erit:
864 918 1008 1008 muriae
1034 922 1172 1015 ungenti
1198 920 1293 994 illino

268 1040 462 1125 deseendit,
479 1039 670 1113 dummodo
687 1038 780 1113 adsit
798 1059 965 1111 Acmon
983 1059 1269 1111 MnnlnnicUM.
1295 1047 1297 1051 ’

316 1156 485 1231 Medati
501 1158 640 1257 argenti
650 1161 727 1252 jam
741 1156 835 1229 dieto
851 1167 888 1230 et
904 1157 956 1231 ita
968 1155 1135 1240 confecto,
1152 1154 1219 1230 hae
1231 1156 1292 1230 do·

270 1289 324 1353 tes
339 1277 577 1373 contingunt:

318 1418 353 1467 a.
378 1391 543 1468 Avidum
567 1392 826 1492 mediduricnm
851 1415 1028 1468 meracum
1054 1395 1087 1465 ei
1113 1394 1292 1488 adjectum

268 1514 390 1588 steti-m
420 1513 527 1586 efficit
554 1524 598 1586 ut
626 1512 746 1586 fumus
772 1512 915 1597 densus,
942 1510 1093 1596 albidus,
1122 1534 1292 1609 naresque
1386 1555 1391 1562 ·

269 1631 372 1724 edere
389 1633 670 1729 pungentissimo
687 1630 943 1713 simulaturus,
971 1630 1010 1701 in
1036 1628 1188 1701 sublime
1205 1628 1294 1702 fera·

270 1757 352 1834 tur3
379 1750 441 1846 qui
458 1774 503 1821 ex
514 1772 611 1847 gase
627 1734 731 1822 acido
748 1746 944 1821 muriatico
961 1757 1108 1820 eonstat

306 1865 350 1949 d.
378 1867 417 1940 si
434 1867 581 1940 aeidum
595 1864 854 1965 salesburiensi
865 1891 937 1939 non
953 1852 1141 1951 meracum,
1159 1876 1197 1938 at
1213 1890 1293 1938 con-

269 1998 324 2060 tra
340 1987 478 2082 ingenti
495 2010 606 2081 aquae
622 1987 721 2082 eopia
735 1995 968 2058 extenuatum
984 1982 1153 2057 muriatii
1170 2008 1293 2081 argen-

270 2108 300 2180 ti
317 2116 421 2180 antea
437 2106 533 2179 dieto
549 2105 769 2192 affunditur3
798 2129 934 2179 necnon
960 2105 1194 2200 manganesii
1207 2126 1294 2200 per-

269 2221 435 2320 noeydum
461 2225 571 2296 simul
600 2223 766 2298 additur:
796 2250 859 2320 ges
883 2220 1100 2308 celorinum,
1127 2248 1197 2295 nnn
1219 2222 1293 2296 aei-

271 2340 359 2414 dum
393 2341 631 2416 muriaticam
662 2343 859 2415 evolvitur:
892 2339 1167 2440 hydrogeninm
1199 2344 1296 2416 enim

269 2460 341 2532 hue
358 2461 523 2545 attinens,
542 2473 578 2535 et
595 2460 822 2559 ooeygenium
846 2488 867 2535 a
887 2460 1081 2559 peronydo
1091 2466 1168 2557 jam
1185 2461 1295 2536 relato

270 2577 474 2666 deductum,
492 2581 655 2655 coeuntia
671 2580 708 2651 in
728 2603 855 2673 aquam
873 2589 1133 2652 convertuntur.

417 2887 553 2952 CCLX.
581 2890 645 2953 DE
670 2886 906 2953 REMEDIIS
929 2886 1150 2955 UTENDIS.

322 3071 419 3144 Vide
449 3094 572 3146 CCLVl
602 3100 738 3147 necnon
767 3096 871 3146 cen:
905 3075 1050 3148 eiirandi
1080 3078 1173 3148 enim
1205 3079 1295 3148 retis

271 3214 362 3284 pene
388 3191 508 3262 eadem
534 3217 607 3263 esse
623 3192 773 3275 videtur,
800 3193 873 3264 sive
898 3193 1025 3288 aliquis
1048 3192 1195 3265 acidum
1220 3192 1296 3267 sul-

265 3303 470 3401 phuricum
484 3308 555 3378 sive
568 3306 755 3391 nitricem,
766 3310 838 3380 sive
851 3309 1086 3383 muriaticam
1099 3313 1293 3407 ingesserit.

444 3614 601 3677 CCLXI.
637 3614 701 3676 DE
725 3613 1118 3700 ACIDQOXALICO.

322 3796 407 3869 Hne
431 3795 578 3870 aeidum
603 3798 687 3872 olim
715 3799 810 3896 apud
838 3798 1015 3874 edemieos
1043 3795 1190 3872 aeidum
1217 3822 1294 3872 eae·

273 3910 379 3985 ederi
404 3916 518 3987 vocari
543 3917 698 4002 solebat3
725 3943 767 3991 eo
784 3918 878 4014 quod
895 3918 958 3990 diu
974 3917 1068 3991 idem
1091 3941 1295 4019 prseparare

270 4044 533 4119 consueverant,
552 4058 596 4105 ex
613 4032 719 4108 acido
735 4034 870 4108 nitrien
887 4046 993 4132 atque
1009 4033 1186 4109 sacchore
1201 4034 1295 4107 inter

271 4175 310 4223 se
327 4151 442 4224 mistis
459 4164 496 4226 et
512 4152 702 4243 calefactis„
749 4155 874 4241 Quum
892 4180 972 4229 vero
995 4154 1139 4233 tandem
1165 4151 1295 4223 didice-
