3276 5194
455 515 512 569 nn
529 512 657 569 acino
675 509 1024 569 arnaocraurco.
1180 501 1253 571 als

328 797 552 864 cccxxvi
581 798 647 863 DE
671 798 909 866 REMEDIIS
931 797 1153 874 UTENDIS.

276 978 441 1056 Aridum
457 979 771 1078 oporoeyooioom
788 1005 916 1078 genere
932 1005 1087 1070 nervoso,
1103 981 1253 1079 ideoque

133 1165 137 1171 .
226 1100 399 1200 principio
415 1099 510 1172 vitae
524 1100 602 1194 ipso
617 1107 712 1171 recta
729 1097 892 1186 sedando,
905 1110 1055 1173 mortem
1072 1101 1253 1186 adsciscit3
1298 1184 1301 1189 ,

226 1220 324 1295 haud
337 1218 439 1293 aliter
455 1233 563 1314 atque
574 1241 651 1316 gas
668 1217 921 1317 terogonam
938 1219 1127 1306 lucernam,
1140 1232 1256 1317 potes·

228 1349 304 1413 tate
314 1337 494 1423 sedatrici,
512 1338 702 1434 extinguit.
754 1337 827 1413 Uti
844 1337 986 1413 flamma
1001 1338 1109 1434 hujus
1126 1342 1164 1415 in
1177 1363 1255 1438 gos

227 1458 456 1560 omygeoa'eom
472 1459 620 1555 conjecti
636 1460 758 1532 statim
776 1459 979 1545 renascitur,
997 1459 1188 1533 dummodo
1204 1460 1254 1547 id,

226 1580 326 1654 nulla
350 1605 446 1654 mora
466 1580 692 1675 interposita,
717 1579 802 1665 fiat3
833 1580 886 1651 ita
914 1602 1063 1675 quoque,
1089 1580 1254 1667 remedia,
1320 1604 1322 1611 ·

227 1723 317 1795 quae
329 1698 450 1795 generi
464 1722 610 1771 nervoso
626 1695 766 1769 fortiter
777 1695 994 1771 stimulando
1007 1707 1044 1770 et
1056 1696 1256 1773 suscitando

228 1831 312 1914 apte
328 1827 422 1902 sunt,
435 1840 570 1890 veneno
588 1816 765 1911 proposito
778 1815 911 1911 optime
924 1815 1152 1903 renituntur:
1171 1840 1256 1913 qua·
1337 1853 1339 1859 ·

227 1936 276 2008 lia
294 1947 388 2020 sunt,
407 1933 556 2022 aloohol,
575 1936 719 2031 spiritus
737 1933 909 2017 Gallicus,
927 1932 1085 2017 Indicus,
1103 1943 1167 2006 aut
1182 1933 1255 2009 Ba·

183 2063 188 2079 “
229 2055 373 2157 troicus,
400 2051 611 2151 camphora,
639 2050 767 2126 aether
792 2048 1045 2148 antiphoniam,
1072 2049 1256 2126 orooronia

229 2183 336 2267 atque
360 2174 437 2266 ejus
460 2166 721 2243 ambrarbonas.
773 2167 800 2239 J
801 2193 858 2240 am
876 2169 940 2241 diu
956 2194 1040 2243 sane
1055 2169 1184 2243 medici
1201 2193 1256 2241 eo-

228 2300 440 2387 gnoverunt,
470 2285 691 2361 normanniam
707 2295 814 2381 atque
831 2286 901 2360 alia
917 2287 1149 2363 incitamenta
1165 2290 1257 2383 ejus-

227 2409 324 2482 modi
352 2409 390 2479 in
418 2404 565 2481 aeidum
593 2403 909 2503 hydroryam'eam
933 2430 1104 2503 perquam
1130 2405 1254 2481 valere.

230 2528 431 2601 Maenius
448 2528 541 2600 enirn
560 2524 766 2622 perceleber‚
794 2527 856 2621 qui
878 2525 1076 2599 Gnonfflo
1095 2526 1256 2602 Secundo

231 2659 401 2740 regnante
418 2657 530 2721 artem
549 2644 791 2741 Apollinarem
808 2646 1001 2730 exornavit,
1029 2645 1256 2742 ejusdemque

231 2764 347 2859 Regis
362 2766 558 2841 valetudini
585 2764 742 2839 medicus
759 2764 955 2861 consuluit.
968 2763 1137 2860 quosdam
1164 2790 1256 2861 aqua

231 2905 366 2954 veneno
395 2886 533 2982 proprio
556 2882 689 2959 Praei
713 2879 961 2975 lrrnrooerasi
990 2884 1130 2961 imbuta
1154 2894 1258 2980 epota

230 2997 423 3085 hebetatos,
435 3001 703 3078 mocoroooate
720 3001 924 3077 aoorrmnr‘ae
937 3003 1148 3089 ministrato,
1161 3028 1257 3081 reva-

231 3117 337 3192 luisse
354 3120 515 3194 affirmat.

271 3234 434 3310 Aridum
452 3237 774 3338 aretinameliaque
787 3238 1045 3314 acidaesueois
1055 3240 1258 3335 plantarum

233 3353 397 3441 deducte,
419 3379 509 3452 quae
526 3353 693 3427 Onrrnn
708 3356 774 3431 hoe
790 3382 926 3431 veneno
944 3358 1165 3454 torpentibus
1182 3384 1258 3432 sue-
1315 3422 1319 3429 .

232 3497 367 3548 currere
383 3473 577 3559 oontendit,
594 3497 661 3545 usu
678 3476 924 3549 nocentissima
941 3499 1014 3549 esse
1032 3477 1259 3572 comproban-

232 3603 301 3666 tur.
353 3592 457 3668 Idem
484 3603 604 3667 auetor
631 3616 737 3666 venas
762 3593 942 3666 interdum
973 3591 1257 3671 vacuefaciendas

233 3732 307 3783 esse
331 3719 472 3785 monet:
502 3707 600 3783 haud
617 3718 736 3785 tamen
754 3707 891 3785 consilii
905 3732 1032 3806 anoeps
1048 3708 1257 3807 sanguinem

225 3827 376 3902 'mittere
392 3852 473 3903 esse.
481 3828 657 3904 infelicem
670 3827 836 3926 jugulare
851 3852 1015 3926 propono.
