3276 5194
492 519 548 571 nu
568 491 804 595 urso-ursus
822 516 996 571 annaeo.
1179 508 1254 582 31¹7

226 688 366 767 ababa!
380 691 561 790 principia,
579 691 707 786 quibus
723 690 884 766 foliorum
903 693 993 766 vires
1010 695 1187 782 nituntur,
1198 648 1267 771 rat-l

82 896 89 903 ,
227 809 365 884 trahere
382 821 419 884 et
436 809 568 884 solvere
585 808 716 881 valent.

227 1123 491 1190 cccxxvnr.
515 1086 580 1187 ns
601 1123 756 1187 srsurs
777 1121 1048 1213 urcournun
1063 1125 1257 1192 nauseo

544 1248 759 1317 rncnsna
780 1249 932 1314 cums.
1034 1295 1038 1305 .

224 1482 228 1487 -
276 1433 383 1507 Folia
398 1429 626 1506 Nicotianue
652 1430 774 1505 tubraci
799 1433 961 1519 contrita,
988 1458 1133 1530 aquave,
1158 1434 1253 1510 alco-

226 1549 293 1633 tol,
302 1564 366 1625 aut
384 1550 506 1622 vinum
532 1550 577 1623 iis
601 1550 751 1635 imbuta,
768 1552 871 1623 notas
889 1551 1079 1623 admodum
1097 1552 1254 1625 funestas

228 1668 461 1764 ingurgitata,
479 1663 591 1737 aliave
607 1665 742 1738 ratione
760 1666 893 1762 corpori
918 1666 1045 1751 indita,
1069 1668 1255 1764 progigne-

227 1811 270 1859 re·
290 1797 449 1882 possunt.
502 1783 619 1867 Paulo
645 1793 766 1879 postea
789 1782 950 1856 accedere
974 1784 1087 1857 solent
1112 1795 1255 1857 artuum
1359 1828 1362 1833 <

228 1915 370 1985 tremor,
381 1901 527 1997 vertigo,
541 1925 673 1973 nausea
690 1900 948 1996 quaesitissima
957 1902 995 1973 in
1010 1901 1182 1974 vomitum
1194 1901 1254 1975 de·

227 2022 360 2103 situra;
387 2017 529 2091 sudores
555 2017 692 2114 gelidi3
719 2016 934 2114 demumque
950 2018 1088 2091 animae
1104 2018 1254 2092 defectio

225 2139 379 2212 lethalis.
432 2135 533 2208 Aliis
551 2138 694 2208 venenis
710 2137 933 2230 potissimum
952 2136 1136 2232 discrepat,
1161 2136 1255 2232 quod

227 2259 343 2342 efficit,
366 2256 475 2350 idque
501 2254 582 2336 cito,
609 2264 651 2325 ut
676 2262 793 2325 totum
821 2276 943 2347 corpus
970 2278 1074 2348 quam
1102 2255 1256 2328 maxime
1355 2284 1370 2310 «¹

228 2374 458 2448 intremiscat.
1318 2358 1323 2365 ⁶

276 2492 354 2566 Res
367 2494 425 2563 'est
443 2487 590 2562 medicis
606 2489 691 2561 satis
714 2498 800 2562 nota
821 2488 937 2562 fumos
962 2489 1173 2564 nicotianae
1199 2500 1214 2563 t
1239 2538 1255 2552 -

227 2611 307 2685 basi
333 2633 395 2705 per
422 2607 541 2679 alvum
560 2607 723 2700 injectos,
747 2617 810 2679 aut
826 2632 954 2703 aquam
970 2607 1063 2680 foliis
1079 2609 1254 2681 imbutam

227 2754 386 2807 summac
415 2729 490 2800 cuti
517 2727 678 2810 affusam,
713 2726 862 2797 subinde
890 2738 992 2799 notas
1019 2731 1095 2822 jam
1126 2726 1253 2800 relatas
1318 2802 1321 2807 ,

226 2850 420 2948 peperisse;
440 2870 510 2941 quo
520 2846 573 2929 fit,
587 2856 629 2917 ut
642 2842 729 2915 haec
745 2843 868 2940 planta
884 2869 954 2916 non
973 2854 1053 2918 tuto
1070 2845 1116 2916 ad
1133 2870 1254 2941 aegros

225 2964 398 3042 sanandos
414 2964 647 3048 ministretur,
664 2962 733 3034 nisi
750 2962 988 3059 praecipiente
1004 2963 1139 3035 medico
1153 2988 1252 3059 saga-

226 3089 381 3181 ciatque
398 3093 526 3164 cauto„
561 3078 647 3153 Non
667 3078 824 3152 dubitari
842 3090 969 3175 potest,
987 3082 1073 3176 quin
1092 3079 1160 3153 hoc
1177 3105 1251 3154 me-

226 3205 465 3277 dicamentum
491 3207 700 3292 praepotens
727 3221 829 3291 saepe
845 3195 980 3269 beroia
1002 3209 1039 3270 et
1055 3197 1166 3272 colica
1184 3211 1252 3272 tor·

227 3324 274 3396 tis
287 3314 502 3415 opituletur:
529 3314 615 3388 scire
631 3321 750 3386 autem
767 3313 863 3397 licet,
879 3314 975 3386 idem
991 3313 1180 3411 uspbyoec'o
1192 3315 1254 3389 he-

225 3436 357 3514 betatis
383 3431 716 3531 perniciosissimum
742 3455 827 3517 esse,
853 3432 975 3531 uitam,
1003 3434 1033 3504 s'i
1057 3457 1149 3506 mors
1165 3458 1253 3508 nou-

226 3560 313 3633 dum
338 3550 588 3650 supervenerit,
618 3546 847 3644 proculdubio
873 3550 1125 3623 extincturum.
1180 3550 1255 3627 Ne-

227 3700 296 3774 que
311 3683 432 3745 tamen
449 3667 603 3754 defuere,
619 3667 682 3762 qui
699 3692 740 3741 eo
756 3668 811 3740 usi
829 3680 923 3742 sunt
