3276 5194
369 525 443 599 278
554 539 610 590 nn
629 536 907 594 csurunnrnrr
925 536 1214 592 vnsrcnuonm.

372 711 430 787 his
446 713 577 787 morbis
593 714 815 811 urgentibus,
832 713 915 785 cieri
930 712 977 787 ob
993 735 1034 785 eo
1049 710 1306 789 medianense
1321 733 1394 789 non

371 852 489 925 posse3
508 854 574 905 nso
587 842 693 907 antes
707 830 857 925 prodire,
870 854 977 925 quam
990 827 1132 907 Natura
1142 828 1238 905 ulmo
1249 838 1313 905 out
1324 828 1396 903 olio

373 947 528 1025 remedia
543 973 603 1023 eos
618 948 787 1025 vicerint:
812 946 908 1020 unde
930 946 1093 1021 nonnulli
1108 944 1395 1047 hydrargyrum

374 1065 439 1143 hos
455 1068 592 1141 morbos
608 1065 790 1141 sustulisse
806 1088 988 1165 perperam
1005 1063 1238 1137 erediderunt.
1277 1062 1395 1136 Valde

373 1186 528 1281 suspicor
550 1184 691 1260 nullum
717 1183 913 1260 remedium
935 1181 1116 1277 hucusque
1131 1181 1314 1277 cognitum
1330 1178 1396 1253 hoe

373 1326 548 1379 venenum
564 1304 701 1380 notione
717 1298 874 1377 themiso
890 1296 983 1375 iner's
998 1299 1144 1375 reddere
1160 1322 1269 1394 posse.

448 1904 650 1981 CCXCII.
690 1907 769 1980 DE
795 1907 1041 1982 VENENIS
1068 1906 1322 1981 ACRlBUS.
1372 1910 1377 1915 '

424 2111 605 2187 Confiteor
614 2140 748 2189 venena
761 2117 854 2188 aeria
865 2113 966 2189 nullo
981 2113 1097 2188 limito
1113 2116 1198 2187 sotis
1211 2114 1393 2210 perspicuo

374 2233 555 2306 eveneris
576 2234 782 2329 rodentibus
804 2233 974 2307 discerni:
999 2233 1099 2305 nulla
1117 2257 1199 2305 sene
1215 2231 1322 2326 hujus
1338 2256 1392 2305 ar·

372 2352 536 2445 gumenti
561 2351 764 2425 distributio
785 2351 933 2427 maculis
954 2375 1093 2446 prorsus
1109 2360 1220 2423 raeat.
1272 2349 1391 2424 Plero-

373 2491 442 2562 que
459 2493 504 2543 ex
521 2470 664 2543 venenis
686 2470 822 2543 aeribus
839 2494 860 2541 a
876 2468 1008 2565 plantis
1024 2471 1098 2543 sive
1116 2480 1208 2541 terra
1225 2470 1318 2541 notis
1334 2467 1393 2543 de·

374 2584 562 2664 ducuntur.
614 2586 660 2662 In
691 2587 808 2659 animo
837 2596 901 2672 est,
930 2586 1104 2681 imprimis
1133 2586 1177 2659 de
1205 2587 1250 2659 iis
1280 2609 1391 2680 ogere,

373 2728 463 2801 quae
486 2705 629 2779 aliunde
654 2706 839 2778 oriuntur:
866 2703 952 2777 haee
969 2730 1048 2778 vero
1075 2716 1169 2790 sunt,
1190 2701 1393 2778 Cantharis

371 2820 599 2906 delicatoria,
616 2819 882 2917 Phosphorus&
907 2845 1043 2893 necnon
1069 2820 1242 2916 quaedam
1258 2842 1392 2893 venena

370 2936 588 3013 melanico.

398 3222 595 3287 CCXCIII.
628 3222 692 3285 DE
717 3221 1006 3287 CATHARIDE
1030 3218 1361 3285 VESICATORIA.

421 3402 460 3481 Si
477 3403 617 3498 quando
633 3405 817 3489 insertum,
846 3402 1051 3478 cantuarie
1076 3402 1297 3479 venatorio
1319 3405 1391 3481 dio

369 3532 459 3608 tum,
487 3521 533 3593 ad
556 3521 801 3597 venenandum
828 3520 1027 3607 adhibetur,
1053 3522 1091 3596 in
1117 3522 1294 3616 pidverem
1319 3523 1391 3617 pri

367 3664 409 3717 us
441 3641 637 3741 redigitur:
680 3644 779 3739 eujus
812 3641 892 3714 ideo
925 3641 1024 3715 dotes
1057 3665 1285 3736 cougnosoere
1317 3665 1389 3717 ms·

367 3757 438 3831 diei
464 3760 621 3835 interest.
672 3759 750 3835 Hie
778 3760 896 3856 pulvis
924 3759 1061 3834 nitidus
1090 3770 1156 3844 est,
1191 3758 1389 3844 subviridis

367 3877 422 3951 sui
457 3876 609 3962 similis3
653 3877 756 3951 odore
788 3881 858 3953 ueri
892 3890 929 3950 et
967 3879 1124 3973 ingrato*
1148 3902 1250 3953 nares
1280 3868 1390 3951 offen*
1484 3920 1489 3927 ·

367 3992 433 4068 dit.
498 3991 544 4065 In
574 4015 704 4091 prunos
730 3997 907 4088 conjectus
932 3996 970 4065 in
996 3994 1120 4069 eedem
1143 3995 1317 4091 prinoipio
1339 4019 1391 4067 rs·

364 4110 522 4196 solvitur,
551 4110 589 4183 iu
618 4135 707 4205 quoe
735 4135 856 4186 omnes
885 4112 975 4187 ulioe
1004 4123 1151 4189 naturae
1179 4112 1388 4187 animalium

361 4232 544 4331 propriae3
571 4227 713 4317 scilieet,
742 4227 925 4309 corbones
941 4230 1155 4317 emmoniae,
1184 4231 1300 4311 oleum
1317 4253 1388 4309 eor·

1628 1098 1632 1345 l
