3326 5302
402 578 452 650 '74
639 586 946 640 rurnammarto
963 582 1184 644 venenum.

399 787 513 859 neque
522 759 841 859 phlegmoooidea,
852 787 916 837 nec
928 763 1223 860 erythemoideu3
1249 776 1286 839 at
1303 770 1420 863 potius

396 882 490 953 inter
506 878 569 952 has
585 879 711 952 media.

856 1094 968 1137 sroua.

411 1204 413 1207 ·
440 1180 518 1242 Post
533 1199 643 1241 venam
660 1187 773 1240 sectam
789 1188 845 1241 aut
864 1177 1004 1263 ligatam,
1031 1179 1130 1243 serius
1151 1203 1259 1267 ocyus,
1282 1181 1371 1244 dolor
1392 1190 1423 1244 et

396 1305 504 1347 sensus
518 1281 676 1347 molestiae
690 1283 723 1345 in
738 1305 806 1346 eam
820 1294 942 1368 partem
957 1284 1152 1350 incumbunt
1200 1287 1301 1349 Dolor
1312 1288 1423 1349 sensim

396 1411 493 1453 venae
506 1408 634 1453 cursum
649 1399 775 1452 secutus
795 1387 836 1451 ad
858 1410 910 1450 eor
934 1389 1057 1463 tendit3
1084 1401 1171 1454 artus
1194 1392 1359 1454 universus
1379 1390 1424 1454 fe-

396 1519 431 1560 re
445 1508 547 1560 tumet
561 1506 592 1559 et
607 1495 703 1574 dolet,
723 1494 805 1557 cutis
825 1493 940 1557 lineam
961 1495 1090 1559 mbram
1116 1496 1174 1559 sibi
1198 1497 1354 1582 praeferre
1378 1519 1425 1560 so-

395 1602 451 1680 let,
473 1601 524 1665 cui
549 1600 689 1684 subjacet
704 1621 784 1665 veuu
804 1599 917 1663 affecta
936 1621 1038 1684 neque
1049 1612 1168 1673 ,tamen
1185 1601 1219 1663 id
1236 1612 1423 1687 perpetuum

394 1717 450 1771 est.
835 1730 837 1735 ·

439 1810 586 1873 Tandem
615 1830 707 1893 aeger
729 1807 819 1872 valde
843 1809 1019 1873 febricitat:
1055 1812 1242 1876 secernenda
1266 1825 1298 1876 et
1321 1835 1424 1876 excer-

396 1912 499 1976 nenda
513 1935 594 1998 pene
607 1912 867 1997 supprimuntur:
891 1912 1075 1979 dilabuntur
1089 1914 1172 1979 vires
1189 1916 1285 1981 animi
1307 1927 1342 1980 et
1360 1938 1426 1980 cor·

395 2018 498 2105 poris:
523 2016 651 2102 spiritus
665 2017 730 2080 fere
744 2017 881 2081 trahitur
902 2027 933 2081 et
955 2017 1109 2081 emittitur
1131 2015 1308 2099 difficulter,
1323 2022 1425 2107 justo-

396 2147 460 2211 que
474 2122 632 2187 crebrius:
656 2123 768 2208 pulsus
782 2123 967 2187 arteriarum
980 2124 1206 2210 frequentiores
1222 2138 1312 2190 sunt:
1337 2140 1425 2192 artus

298 2302 300 2305 ,
397 2253 489 2316 saepe
513 2229 748 2292 inhorrescunt:
774 2228 904 2314 quidam
929 2251 1044 2308 nausea
1069 2241 1100 2293 et
1124 2232 1261 2295 vomitus
1287 2233 1425 2317 graviter

397 2339 584 2403 cruciantur.

440 2445 559 2509 Morbo
574 2442 803 2530 progrediente,
818 2443 928 2507 vultus
941 2445 980 2508 fit
991 2443 1126 2521 luridus,
1141 2456 1239 2530 atque
1252 2445 1426 2530 pulsus-ar-

386 2550 548 2616 teriarum
572 2549 731 2614 exilissimi
756 2561 788 2612 et
810 2547 1052 2634 frequentissimi
1063 2550 1197 2614 :··d0101·-
1216 2551 1318 2620 cordis
1338 2551 1425 2615 lixus
1517 2552 1522 2557 ’
1545 2609 1549 2617 .

398 2657 552 2722 infelicem
567 2668 704 2742 torquet,
719 2655 800 2718 inter
819 2654 1036 2740 inspirandum
1057 2667 1188 2723 auctus
1223 2646 1425 2742 Montemque

396 2764 430 2827 in
455 2764 635 2849 propinquo
661 2756 826 2839 testantur,
852 2763 1033 2847 singultum
1066 2763 1229 2827 tendinum
1252 2763 1424 2840 subsultus,

396 2871 479 2936 cutis
494 2870 608 2932 sudore
621 2868 726 2952 gelido
739 2868 875 2944 madida,
891 2879 1017 2945 tremor,
1033 2882 1120 2932 artus
1131 2870 1290 2955 frigentes,
1300 2882 1425 2956 ecquae

396 2987 471 3039 sunt
485 2971 675 3060 hujusmodi.

442 3079 477 3143 Si
491 3077 620 3141 habitus
633 3076 772 3163 eorporis
785 3075 894 3139 melior
915 3086 972 3152 est,
994 3076 1046 3139 hic
1061 3078 1196 3145 morbus
1216 3080 1250 3141 in
1273 3095 1426 3173 suppum.
1536 3144 1538 3149 ,

398 3187 514 3251 tionem
538 3182 672 3259 desinit;
700 3183 734 3247 id
756 3193 813 3260 est,
836 3182 995 3246 abscessus
1016 3182 1123 3269 plures
1144 3184 1349 3251 eibi-invicem
1364 3189 1425 3253 dis-

393 3292 470 3377 jecti
484 3291 582 3353 fiunt:
607 3299 703 3375 atque
717 3311 788 3375 pus,
800 3290 920 3369 fibrina
931 3287 1017 3353 intus
1032 3302 1150 3356 secreta
1163 3276 1424 3373 circumductum,

398 3419 462 3460 non
477 3418 549 3460 cum
565 3394 715 3481 sanguine
729 3393 962 3458 circumfluente
977 3396 1133 3461 miscetur.
1174 3418 1178 3427 ’

441 3502 521 3581 Alii,
545 3488 772 3565 exulceratione
791 3495 876 3564 faeta
888 3501 1031 3587 vasisque
1052 3484 1166 3569 exinde
1186 3505 1263 3569 rosis
1282 3516 1312 3570 et
1327 3507 1426 3571 effusa

397 3608 557 3695 sanguinis
570 3607 662 3693 copia
675 3629 799 3694 magna,
814 3617 956 3692 pereunt.
1084 3604 1089 3608 ’
1367 3628 1369 3633 ·

442 3718 564 3791 Sronn,
579 3735 683 3791 onan,
700 3733 794 3777 vana
810 3731 1055 3787 rurnosrncrA,
1076 3734 1258 3778 annanaur
1273 3729 1358 3798 sunt,
1374 3743 1426 3784 va-

399 3842 434 3883 sa
447 3841 593 3881 vasorum
608 3818 701 3881 valde
716 3816 851 3881 distenta
865 3830 897 3909 et
910 3820 1025 3883 rubra:
1049 3820 1230 3885 membrana
1248 3823 1359 3890 intima
1372 3849 1425 3890 ru.

397 3925 494 4001 brior,
510 3935 541 3989 et
555 3925 685 3988 crassior
700 3946 797 4011 quam
811 3924 872 3988 fert
886 3936 1017 3989 natura:
1046 3949 1081 3989 os
1095 3946 1191 3991 venae
1205 3925 1350 4016 scalpello
1364 3944 1426 3998 tra

394 4033 497 4119 jactae
517 4030 739 4109 orbiculatum,
759 4030 824 4094 non
845 4032 1036 4117 collapsum3
1059 4035 1155 4100 modo
1168 4037 1283 4103 canalis
1297 4040 1348 4103 hic
1362 4040 1425 4103 illic

387 4141 516 4226 fibrina
530 4138 683 4216 occlusus,
706 4136 864 4202 interdum
879 4162 959 4226 pure
973 4140 1125 4206 refertus:
1150 4143 1235 4223 alias,
1250 4147 1357 4232 plures
1371 4149 1424 4212 ala

399 4269 525 4337 scessus.
576 4247 704 4309 Praeter
725 4245 800 4309 haec
822 4269 971 4335 persaepe
985 4247 1236 4316 inflammationis
1250 4264 1341 4318 notae
1362 4255 1424 4319 late
