3326 5188
391 541 463 608 208
579 554 634 605 nn
653 553 1223 606 arcunonrnnnrnnaaorm.
1284 539 1287 545 '

389 838 550 902 CCXIX.
582 838 647 900 DE
671 836 1121 913 SIGNIS„CADAVERE
1145 836 1304 910 SECTO,
1335 835 1411 898 Ru
1511 880 1514 887 ,

452 964 635 1038 PERTIS,
659 963 828 1025 MORTE
852 961 946 1026 HOC
968 961 1156 1025 VENENO
1180 962 1373 1025 ILLATA.

442 1145 481 1217 Si
498 1145 622 1218 modus
639 1146 787 1241 amplior
804 1143 978 1226 occiderit,
1006 1142 1218 1240 introspecto
1243 1145 1408 1217 cadavere

389 1278 493 1336 notae
520 1263 809 1345 inflammationis
837 1262 995 1357 propriae
1020 1261 1124 1358 gulae
1150 1274 1256 1358 atque
1279 1262 1407 1336 ventri-

354 1476 357 1481 4
391 1382 470 1454 culo
494 1383 696 1478 contingere
721 1380 956 1453 observantur.
1010 1379 1197 1453 Interdum
1214 1381 1266 1454 vis
1287 1382 1410 1454 roden-

282 1540 284 1545 >
391 1498 439 1583 di,
458 1525 527 1595 qua
542 1498 608 1571 hoo
625 1522 799 1571 venenum
825 1495 944 1592 pollet,
969 1507 1070 1570 tanta
1092 1509 1155 1583 est,
1182 1509 1224 1572 ut
1240 1497 1410 1571 foramina

391 1615 450 1687 hie
466 1615 540 1687 illie
556 1626 747 1711 patescant,
765 1612 858 1710 apud
873 1615 983 1686 varias
1000 1624 1138 1687 meatus
1154 1614 1313 1688 alimenti
1331 1640 1409 1711 par-

392 1744 455 1806 tes.
484 1733 643 1819 Quidam
659 1731 726 1804 hoc
742 1756 916 1803 venenum
934 1756 1089 1828 unquam
1106 1733 1324 1805 membranas
1337 1758 1410 1806 om-

390 1876 452 1923 nes
470 1851 616 1924 exedere
632 1861 785 1946 negant:
812 1874 897 1944 quos
914 1858 1033 1921 tamen
1051 1851 1250 1945 opinionem
1267 1852 1409 1923 inanem
1480 1862 1486 1869 '

392 1966 556 2040 fefellisse
585 1978 759 2040 testantur
789 1965 986 2061 Panlsrus
1020 1976 1125 2062 atque
1157 1967 1411 2039 FONTBLAN-

393 2107 525 2166 nulus.
577 2084 674 2157 Vide
692 2083 793 2156 Med.
813 2083 946 2179 Jurisp.
964 2083 1031 2154 vol.
1045 2085 1083 2154 ii.
1100 2109 1135 2180 p.
1150 2085 1233 2157 266.

441 2188 623 2301 Siquidem
651 2226 834 2276 commune
861 2211 914 2274 est
940 2199 1046 2295 hujus
1076 2227 1155 2274 cum
1186 2202 1263 2275 aliis
1288 2204 1412 2276 multis

394 2326 537 2397 venenis
569 2322 729 2396 alimenti
770 2320 926 2393 canalem
960 2320 1205 2407 inflammare;
1250 2323 1411 2417 quaesitu
1534 2387 1539 2393 f

395 2440 543 2538 dignum
561 2460 624 2524 est,
643 2441 687 2511 ab
704 2438 782 2511 aliis
798 2437 1066 2510 discernendum
1093 2440 1150 2524 sit,
1180 2464 1300 2524 neone,
1327 2466 1411 2536 quo·

395 2562 447 2632 vis
463 2561 611 2656 'proprio
640 2559 740 2653 signo
764 2569 843 2652 post
869 2567 1017 2629 mortem
1044 2556 1191 2630 detecto.
1243 2557 1411 2632 Forsitan

395 2677 487 2750 color
504 2679 605 2774 niger
621 2673 808 2748 ventriculi
833 2672 1036 2769 hujusmodi
1061 2675 1201 2770 signum
1220 2686 1291 2748 est:
1319 2675 1412 2771 quod

395 2792 570 2865 abscido
598 2812 773 2863 urseooso
802 2786 1033 2863 bichloridem
1066 2788 1305 2887 hydrargyri
1336 2792 1413 2887 dig-

395 2912 516 2984 noscit.

427 3235 569 3300 ccxx.
601 3236 665 3299 nn
689 3190 917 3311 sarlonis,
942 3236 1040 3313 oua
1063 3234 1385 3300 monnonrnns

656 3361 985 3426 Hrnnsnnrnr
1009 3363 1180 3427 sacar.

417 3584 421 3590 ·
447 3548 600 3632 Quoties
617 3548 742 3645 ingens
754 3548 853 3643 copia
866 3567 1145 3619 meunoarnns
1163 3567 1416 3619 nnnaaner·

398 3685 454 3747 nr,
479 3662 591 3736 veluti
616 3686 725 3758 grana
750 3684 789 3748 V,
815 3685 856 3748 x,
883 3685 946 3734 xx
972 3661 1166 3756 ampliusve
1195 3663 1343 3758 ingesta,
1361 3664 1416 3734 in-

398 3778 673 3853 flammationem
701 3778 870 3853 lethalem
899 3790 982 3852 ante
1013 3779 1222 3873 descriptam
1249 3781 1416 3863 cieverit;

398 3894 504 3989 longe
520 3894 622 3969 aliter
639 3907 745 3992 atque
761 3894 908 3968 acidum
923 3917 1150 3980 arsenarum,
1167 3909 1279 3970 nocet.
1314 3898 1419 3971 Bno-

400 4031 507 4096 mun,
536 4013 696 4109 pluribus
725 4014 974 4110 experimentis
998 4013 1174 4087 institutis
1199 4017 1418 4102 monstravit,

400 4154 477 4203 eam
495 4128 809 4202 inflammationem
835 4153 905 4202 non
923 4154 1057 4202 veneno
1080 4131 1252 4228 absorpto,
1278 4144 1315 4207 et
1341 4157 1420 4207 oum

398 4248 570 4346 sangnine
594 4248 711 4333 misto,
730 4248 952 4322 tribuendam
977 4275 1072 4334 esse;
1099 4250 1159 4322 sed
1180 4253 1420 4328 membranam
