<?xml version="1.0" encoding="UTF-8"?>
<!DOCTYPE html PUBLIC "-//W3C//DTD XHTML 1.0 Transitional//EN"
    "http://www.w3.org/TR/xhtml1/DTD/xhtml1-transitional.dtd">
<html xmlns="http://www.w3.org/1999/xhtml" xml:lang="en" lang="en">
 <head>
  <title>
</title>
<meta http-equiv="Content-Type" content="text/html;charset=utf-8" />
  <meta name='ocr-system' content='tesseract 3.04.00' />
  <meta name='ocr-capabilities' content='ocr_page ocr_carea ocr_par ocr_line ocrx_word'/>
</head>
<body>
  <div class='ocr_page' id='page_1' title='image "./morborumdefinit01hawlgoog_0247.png"; bbox 0 0 3326 5188; ppageno 0'>
   <div class='ocr_carea' id='block_1_1' title="bbox 398 466 1355 536">
    <p class='ocr_par' dir='ltr' id='par_1_1' title="bbox 398 466 1355 536">
     <span class='ocr_line' id='line_1_1' title="bbox 398 466 1355 536; baseline 0.002 -2"><span class='ocrx_word' id='word_1_1' title='bbox 398 466 473 534; x_wconf 73' lang='lat'><strong>234</strong></span> <span class='ocrx_word' id='word_1_2' title='bbox 523 481 581 532; x_wconf 80' lang='lat' dir='ltr'><strong>nn</strong></span> <span class='ocrx_word' id='word_1_3' title='bbox 599 476 735 533; x_wconf 84' lang='lat' dir='ltr'><strong>srcurs</strong></span> <span class='ocrx_word' id='word_1_4' title='bbox 753 478 880 531; x_wconf 80' lang='lat' dir='ltr'><strong>suono</strong></span> <span class='ocrx_word' id='word_1_5' title='bbox 897 477 1123 533; x_wconf 66' lang='lat' dir='ltr'><strong>enervans</strong></span> <span class='ocrx_word' id='word_1_6' title='bbox 1142 480 1355 536; x_wconf 75' lang='lat' dir='ltr'><strong>sarsurus.</strong></span> 
     </span>
    </p>
   </div>
   <div class='ocr_carea' id='block_1_2' title="bbox 388 632 1418 1804">
    <p class='ocr_par' dir='ltr' id='par_1_2' title="bbox 388 632 1418 1101">
     <span class='ocr_line' id='line_1_2' title="bbox 394 632 1416 749; baseline 0.005 -23"><span class='ocrx_word' id='word_1_7' title='bbox 394 653 574 749; x_wconf 80' lang='lat' dir='ltr'><strong>quietudo.</strong></span> <span class='ocrx_word' id='word_1_8' title='bbox 625 652 824 737; x_wconf 82' lang='lat' dir='ltr'><strong>Interdum,</strong></span> <span class='ocrx_word' id='word_1_9' title='bbox 853 651 957 729; x_wconf 85' lang='lat' dir='ltr'><strong>faciei</strong></span> <span class='ocrx_word' id='word_1_10' title='bbox 985 632 1136 727; x_wconf 87' lang='lat' dir='ltr'><strong>musculi</strong></span> <span class='ocrx_word' id='word_1_11' title='bbox 1160 655 1416 731; x_wconf 55' lang='lat' dir='ltr'><strong>,convelluntur</strong></span> 
     </span>
     <span class='ocr_line' id='line_1_3' title="bbox 388 771 1417 875; baseline 0.003 -31"><span class='ocrx_word' id='word_1_12' title='bbox 388 773 561 875; x_wconf 62' lang='lat' dir='ltr'><strong>¹cutisque</strong></span> <span class='ocrx_word' id='word_1_13' title='bbox 572 772 756 873; x_wconf 82' lang='lat' dir='ltr'><strong>purpureis</strong></span> <span class='ocrx_word' id='word_1_14' title='bbox 772 771 954 844; x_wconf 87' lang='lat' dir='ltr'><strong>efflorescit</strong></span> <span class='ocrx_word' id='word_1_15' title='bbox 967 772 1128 845; x_wconf 85' lang='lat' dir='ltr'><strong>maculis.</strong></span> <span class='ocrx_word' id='word_1_16' title='bbox 1179 772 1217 847; x_wconf 91' lang='lat' dir='ltr'>N</span> <span class='ocrx_word' id='word_1_17' title='bbox 1218 785 1321 849; x_wconf 87' lang='lat' dir='ltr'><strong>otatu</strong></span> <span class='ocrx_word' id='word_1_18' title='bbox 1338 776 1417 872; x_wconf 85' lang='lat' dir='ltr'><strong>dig-</strong></span> 
     </span>
     <span class='ocr_line' id='line_1_4' title="bbox 392 887 1418 984; baseline 0.007 -24"><span class='ocrx_word' id='word_1_19' title='bbox 392 911 482 960; x_wconf 90' lang='lat' dir='ltr'><strong>num</strong></span> <span class='ocrx_word' id='word_1_20' title='bbox 498 899 561 973; x_wconf 86' lang='lat' dir='ltr'><strong>est,</strong></span> <span class='ocrx_word' id='word_1_21' title='bbox 574 888 767 984; x_wconf 84' lang='lat' dir='ltr'><strong>(fateorque</strong></span> <span class='ocrx_word' id='word_1_22' title='bbox 779 912 836 960; x_wconf 91' lang='lat' dir='ltr'><strong>me</strong></span> <span class='ocrx_word' id='word_1_23' title='bbox 848 887 1033 984; x_wconf 60' lang='lat' dir='ltr'><strong>idjrnirari)</strong></span> <span class='ocrx_word' id='word_1_24' title='bbox 1046 899 1203 963; x_wconf 84' lang='lat' dir='ltr'><strong>mentem</strong></span> <span class='ocrx_word' id='word_1_25' title='bbox 1221 890 1314 967; x_wconf 91' lang='lat' dir='ltr'><strong>inter</strong></span> <span class='ocrx_word' id='word_1_26' title='bbox 1330 890 1418 967; x_wconf 88' lang='lat' dir='ltr'><strong>haee</strong></span> 
     </span>
     <span class='ocr_line' id='line_1_5' title="bbox 394 1004 758 1101; baseline 0.003 -24"><span class='ocrx_word' id='word_1_27' title='bbox 394 1004 466 1078; x_wconf 86' lang='lat' dir='ltr'><strong>fere</strong></span> <span class='ocrx_word' id='word_1_28' title='bbox 481 1005 656 1101; x_wconf 85' lang='lat' dir='ltr'><strong>integram</strong></span> <span class='ocrx_word' id='word_1_29' title='bbox 675 1029 758 1078; x_wconf 91' lang='lat' dir='ltr'><strong>esse.</strong></span> 
     </span>
    </p>

    <p class='ocr_par' dir='ltr' id='par_1_3' title="bbox 392 1119 1417 1804">
     <span class='ocr_line' id='line_1_6' title="bbox 442 1119 1414 1219; baseline 0.003 -24"><span class='ocrx_word' id='word_1_30' title='bbox 442 1121 523 1195; x_wconf 92' lang='lat' dir='ltr'><strong>Ubi</strong></span> <span class='ocrx_word' id='word_1_31' title='bbox 539 1123 585 1195; x_wconf 89' lang='lat' dir='ltr'><strong>ad</strong></span> <span class='ocrx_word' id='word_1_32' title='bbox 601 1123 883 1196; x_wconf 83' lang='lat' dir='ltr'><strong>ultimaventum</strong></span> <span class='ocrx_word' id='word_1_33' title='bbox 899 1131 965 1206; x_wconf 83' lang='lat' dir='ltr'><strong>est,</strong></span> <span class='ocrx_word' id='word_1_34' title='bbox 980 1119 1107 1208; x_wconf 66' lang='lat' dir='ltr'><strong>uuum,</strong></span> <span class='ocrx_word' id='word_1_35' title='bbox 1122 1123 1282 1219; x_wconf 73' lang='lat' dir='ltr'><strong>palatum</strong></span> <span class='ocrx_word' id='word_1_36' title='bbox 1298 1125 1414 1211; x_wconf 86' lang='lat' dir='ltr'><strong>molle,</strong></span> 
     </span>
     <span class='ocr_line' id='line_1_7' title="bbox 393 1239 1416 1340; baseline 0.005 -26"><span class='ocrx_word' id='word_1_37' title='bbox 393 1252 580 1340; x_wconf 84' lang='lat' dir='ltr'><strong>partesque</strong></span> <span class='ocrx_word' id='word_1_38' title='bbox 608 1239 664 1313; x_wconf 91' lang='lat' dir='ltr'><strong>his</strong></span> <span class='ocrx_word' id='word_1_39' title='bbox 690 1242 880 1338; x_wconf 83' lang='lat' dir='ltr'><strong>proximae,</strong></span> <span class='ocrx_word' id='word_1_40' title='bbox 898 1242 935 1315; x_wconf 86' lang='lat' dir='ltr'><strong>vi</strong></span> <span class='ocrx_word' id='word_1_41' title='bbox 951 1241 1055 1315; x_wconf 78' lang='lat' dir='ltr'><strong>rituli</strong></span> <span class='ocrx_word' id='word_1_42' title='bbox 1078 1241 1263 1328; x_wconf 83' lang='lat' dir='ltr'><strong>destituta,</strong></span> <span class='ocrx_word' id='word_1_43' title='bbox 1278 1244 1416 1319; x_wconf 89' lang='lat' dir='ltr'><strong>molles-</strong></span> 
     </span>
     <span class='ocr_line' id='line_1_8' title="bbox 393 1359 1416 1456; baseline 0.002 -22"><span class='ocrx_word' id='word_1_44' title='bbox 393 1371 490 1446; x_wconf 86' lang='lat' dir='ltr'><strong>cunt,</strong></span> <span class='ocrx_word' id='word_1_45' title='bbox 516 1359 716 1446; x_wconf 88' lang='lat' dir='ltr'><strong>diruuntur,</strong></span> <span class='ocrx_word' id='word_1_46' title='bbox 734 1370 771 1432; x_wconf 89' lang='lat' dir='ltr'><strong>et</strong></span> <span class='ocrx_word' id='word_1_47' title='bbox 793 1360 985 1433; x_wconf 84' lang='lat' dir='ltr'><strong>decidunt:</strong></span> <span class='ocrx_word' id='word_1_48' title='bbox 1010 1385 1081 1456; x_wconf 93' lang='lat' dir='ltr'><strong>quo</strong></span> <span class='ocrx_word' id='word_1_49' title='bbox 1106 1361 1150 1433; x_wconf 87' lang='lat' dir='ltr'><strong>fit</strong></span> <span class='ocrx_word' id='word_1_50' title='bbox 1171 1373 1213 1435; x_wconf 93' lang='lat' dir='ltr'><strong>ut</strong></span> <span class='ocrx_word' id='word_1_51' title='bbox 1236 1361 1416 1436; x_wconf 78' lang='lat' dir='ltr'><strong>anhelitus</strong></span> 
     </span>
     <span class='ocr_line' id='line_1_9' title="bbox 393 1476 1416 1574; baseline 0.002 -24"><span class='ocrx_word' id='word_1_52' title='bbox 393 1501 499 1574; x_wconf 85' lang='lat' dir='ltr'><strong>quern</strong></span> <span class='ocrx_word' id='word_1_53' title='bbox 524 1477 678 1548; x_wconf 85' lang='lat' dir='ltr'><strong>maxime</strong></span> <span class='ocrx_word' id='word_1_54' title='bbox 694 1476 906 1573; x_wconf 82' lang='lat' dir='ltr'><strong>graveoleat,</strong></span> <span class='ocrx_word' id='word_1_55' title='bbox 922 1478 1028 1553; x_wconf 80' lang='lat' dir='ltr'><strong>tussis</strong></span> <span class='ocrx_word' id='word_1_56' title='bbox 1044 1477 1184 1553; x_wconf 86' lang='lat' dir='ltr'><strong>assidua</strong></span> <span class='ocrx_word' id='word_1_57' title='bbox 1202 1488 1330 1562; x_wconf 80' lang='lat' dir='ltr'><strong>vexet3</strong></span> <span class='ocrx_word' id='word_1_58' title='bbox 1363 1489 1416 1552; x_wconf 86' lang='lat' dir='ltr'><strong>at·</strong></span> 
     </span>
     <span class='ocr_line' id='line_1_10' title="bbox 393 1591 1417 1690; baseline -0.003 -24"><span class='ocrx_word' id='word_1_59' title='bbox 393 1616 541 1690; x_wconf 80' lang='lat' dir='ltr'><strong>quevox</strong></span> <span class='ocrx_word' id='word_1_60' title='bbox 551 1605 615 1667; x_wconf 84' lang='lat' dir='ltr'><strong>aut</strong></span> <span class='ocrx_word' id='word_1_61' title='bbox 627 1603 756 1689; x_wconf 86' lang='lat' dir='ltr'><strong>pereat,</strong></span> <span class='ocrx_word' id='word_1_62' title='bbox 766 1603 830 1669; x_wconf 81' lang='lat' dir='ltr'><strong>aut</strong></span> <span class='ocrx_word' id='word_1_63' title='bbox 841 1603 981 1673; x_wconf 81' lang='lat' dir='ltr'><strong>mutata</strong></span> <span class='ocrx_word' id='word_1_64' title='bbox 992 1617 1109 1683; x_wconf 80' lang='lat' dir='ltr'><strong>vocem</strong></span> <span class='ocrx_word' id='word_1_65' title='bbox 1126 1591 1326 1690; x_wconf 65' lang='lat' dir='ltr'><strong>Cynamke</strong></span> <span class='ocrx_word' id='word_1_66' title='bbox 1338 1600 1417 1666; x_wconf 76' lang='lat' dir='ltr'><strong>irc.</strong></span> 
     </span>
     <span class='ocr_line' id='line_1_11' title="bbox 392 1709 883 1804; baseline -0.01 -16"><span class='ocrx_word' id='word_1_67' title='bbox 392 1709 715 1804; x_wconf 75' lang='lat' dir='ltr'><strong>cdenlilaborantis</strong></span> <span class='ocrx_word' id='word_1_68' title='bbox 731 1712 883 1785; x_wconf 87' lang='lat' dir='ltr'><strong>simulet.</strong></span> 
     </span>
    </p>
   </div>
   <div class='ocr_carea' id='block_1_3' title="bbox 436 2044 1373 2233">
    <p class='ocr_par' dir='ltr' id='par_1_4' title="bbox 436 2044 1373 2233">
     <span class='ocr_line' id='line_1_12' title="bbox 436 2044 1373 2110; baseline 0.001 -1"><span class='ocrx_word' id='word_1_69' title='bbox 436 2044 643 2109; x_wconf 86' lang='lat' dir='ltr'><strong>CCXLVII.</strong></span> <span class='ocrx_word' id='word_1_70' title='bbox 677 2045 742 2108; x_wconf 89' lang='lat' dir='ltr'><strong>DE</strong></span> <span class='ocrx_word' id='word_1_71' title='bbox 767 2044 920 2108; x_wconf 90' lang='lat' dir='ltr'>SIGNIS</span> <span class='ocrx_word' id='word_1_72' title='bbox 945 2046 1094 2109; x_wconf 85' lang='lat' dir='ltr'>SECTO</span> <span class='ocrx_word' id='word_1_73' title='bbox 1118 2046 1373 2110; x_wconf 86' lang='lat' dir='ltr'><strong>CADAVERE</strong></span> 
     </span>
     <span class='ocr_line' id='line_1_13' title="bbox 781 2169 1028 2233; baseline 0 -2"><span class='ocrx_word' id='word_1_74' title='bbox 781 2169 1028 2233; x_wconf 87' lang='lat' dir='ltr'><strong>REPERTIS.</strong></span> 
     </span>
    </p>
   </div>
   <div class='ocr_carea' id='block_1_4' title="bbox 390 2350 1414 2676">
    <p class='ocr_par' dir='ltr' id='par_1_5' title="bbox 390 2350 1414 2676">
     <span class='ocr_line' id='line_1_14' title="bbox 440 2350 1413 2452; baseline 0.002 -27"><span class='ocrx_word' id='word_1_75' title='bbox 440 2353 653 2425; x_wconf 86' lang='lat' dir='ltr'><strong>Membrana</strong></span> <span class='ocrx_word' id='word_1_76' title='bbox 678 2352 806 2424; x_wconf 81' lang='lat' dir='ltr'><strong>intima</strong></span> <span class='ocrx_word' id='word_1_77' title='bbox 830 2350 964 2432; x_wconf 79' lang='lat' dir='ltr'><strong>canalis</strong></span> <span class='ocrx_word' id='word_1_78' title='bbox 990 2354 1099 2426; x_wconf 91' lang='lat' dir='ltr'><strong>totius</strong></span> <span class='ocrx_word' id='word_1_79' title='bbox 1125 2354 1297 2440; x_wconf 86' lang='lat' dir='ltr'><strong>alimenti,</strong></span> <span class='ocrx_word' id='word_1_80' title='bbox 1315 2379 1413 2452; x_wconf 83' lang='lat' dir='ltr'><strong>prae-</strong></span> 
     </span>
     <span class='ocr_line' id='line_1_15' title="bbox 392 2467 1414 2565; baseline 0.005 -22"><span class='ocrx_word' id='word_1_81' title='bbox 392 2470 514 2543; x_wconf 87' lang='lat' dir='ltr'><strong>sertim</strong></span> <span class='ocrx_word' id='word_1_82' title='bbox 539 2468 705 2548; x_wconf 84' lang='lat' dir='ltr'><strong>faucium,</strong></span> <span class='ocrx_word' id='word_1_83' title='bbox 722 2467 827 2562; x_wconf 85' lang='lat' dir='ltr'><strong>gulae</strong></span> <span class='ocrx_word' id='word_1_84' title='bbox 844 2479 881 2539; x_wconf 93' lang='lat' dir='ltr'><strong>et</strong></span> <span class='ocrx_word' id='word_1_85' title='bbox 896 2470 1095 2555; x_wconf 88' lang='lat' dir='ltr'><strong>ventriculi,</strong></span> <span class='ocrx_word' id='word_1_86' title='bbox 1113 2473 1255 2565; x_wconf 90' lang='lat' dir='ltr'><strong>penitus</strong></span> <span class='ocrx_word' id='word_1_87' title='bbox 1278 2472 1414 2548; x_wconf 90' lang='lat' dir='ltr'><strong>divulsa</strong></span> 
     </span>
     <span class='ocr_line' id='line_1_16' title="bbox 390 2584 1414 2676; baseline 0.005 -17"><span class='ocrx_word' id='word_1_88' title='bbox 390 2589 429 2659; x_wconf 92' lang='lat' dir='ltr'><strong>in</strong></span> <span class='ocrx_word' id='word_1_89' title='bbox 457 2596 621 2659; x_wconf 84' lang='lat' dir='ltr'><strong>naturam</strong></span> <span class='ocrx_word' id='word_1_90' title='bbox 652 2584 830 2656; x_wconf 83' lang='lat' dir='ltr'><strong>subatram</strong></span> <span class='ocrx_word' id='word_1_91' title='bbox 861 2592 898 2655; x_wconf 92' lang='lat' dir='ltr'><strong>et</strong></span> <span class='ocrx_word' id='word_1_92' title='bbox 927 2585 1070 2657; x_wconf 92' lang='lat' dir='ltr'><strong>mollem</strong></span> <span class='ocrx_word' id='word_1_93' title='bbox 1100 2590 1338 2676; x_wconf 80' lang='lat' dir='ltr'><strong>convertitur3</strong></span> <span class='ocrx_word' id='word_1_94' title='bbox 1378 2603 1414 2664; x_wconf 93' lang='lat' dir='ltr'><strong>et</strong></span> 
     </span>
    </p>
   </div>
   <div class='ocr_carea' id='block_1_5' title="bbox 240 2684 1413 2805">
    <p class='ocr_par' dir='ltr' id='par_1_6' title="bbox 240 2684 1413 2805">
     <span class='ocr_line' id='line_1_17' title="bbox 240 2684 1413 2805; baseline 0.003 -27"><span class='ocrx_word' id='word_1_95' title='bbox 240 2684 242 2689; x_wconf 23' lang='grc' dir='ltr'>Ι</span> <span class='ocrx_word' id='word_1_96' title='bbox 341 2788 346 2791; x_wconf 41' lang='grc'><strong>,</strong></span> <span class='ocrx_word' id='word_1_97' title='bbox 392 2728 498 2800; x_wconf 90' lang='lat' dir='ltr'><strong>quam</strong></span> <span class='ocrx_word' id='word_1_98' title='bbox 515 2702 682 2776; x_wconf 86' lang='lat' dir='ltr'><strong>facillime</strong></span> <span class='ocrx_word' id='word_1_99' title='bbox 699 2703 844 2774; x_wconf 88' lang='lat' dir='ltr'><strong>caeteris</strong></span> <span class='ocrx_word' id='word_1_100' title='bbox 861 2701 1078 2775; x_wconf 82' lang='lat' dir='ltr'><strong>subducitur.</strong></span> <span class='ocrx_word' id='word_1_101' title='bbox 1118 2704 1201 2778; x_wconf 86' lang='lat' dir='ltr'><strong>Hae</strong></span> <span class='ocrx_word' id='word_1_102' title='bbox 1213 2719 1318 2781; x_wconf 88' lang='lat' dir='ltr'><strong>notae</strong></span> <span class='ocrx_word' id='word_1_103' title='bbox 1333 2708 1413 2805; x_wconf 84' lang='lat' dir='ltr'><strong>plus</strong></span> 
     </span>
    </p>
   </div>
   <div class='ocr_carea' id='block_1_6' title="bbox 334 2821 1415 3385">
    <p class='ocr_par' dir='ltr' id='par_1_7' title="bbox 334 2821 1415 3385">
     <span class='ocr_line' id='line_1_18' title="bbox 387 2821 1415 2920; baseline 0.006 -26"><span class='ocrx_word' id='word_1_104' title='bbox 387 2824 551 2894; x_wconf 90' lang='lat' dir='ltr'><strong>minusve</strong></span> <span class='ocrx_word' id='word_1_105' title='bbox 561 2822 634 2894; x_wconf 86' lang='lat' dir='ltr'><strong>late</strong></span> <span class='ocrx_word' id='word_1_106' title='bbox 645 2831 766 2916; x_wconf 88' lang='lat' dir='ltr'><strong>patere</strong></span> <span class='ocrx_word' id='word_1_107' title='bbox 777 2821 1014 2906; x_wconf 83' lang='lat' dir='ltr'><strong>observantur,</strong></span> <span class='ocrx_word' id='word_1_108' title='bbox 1024 2832 1130 2916; x_wconf 86' lang='lat' dir='ltr'><strong>prout</strong></span> <span class='ocrx_word' id='word_1_109' title='bbox 1142 2821 1248 2897; x_wconf 85' lang='lat' dir='ltr'><strong>homo</strong></span> <span class='ocrx_word' id='word_1_110' title='bbox 1260 2825 1339 2920; x_wconf 89' lang='lat' dir='ltr'><strong>plus</strong></span> <span class='ocrx_word' id='word_1_111' title='bbox 1351 2838 1415 2900; x_wconf 89' lang='lat' dir='ltr'><strong>aut</strong></span> 
     </span>
     <span class='ocr_line' id='line_1_19' title="bbox 334 2937 1409 3034; baseline 0.004 -22"><span class='ocrx_word' id='word_1_112' title='bbox 334 2975 336 2980; x_wconf 31' lang='lat' dir='ltr'>v</span> <span class='ocrx_word' id='word_1_113' title='bbox 388 2942 509 3012; x_wconf 88' lang='lat' dir='ltr'><strong>minus</strong></span> <span class='ocrx_word' id='word_1_114' title='bbox 525 2937 626 3011; x_wconf 82' lang='lat' dir='ltr'><strong>acidi</strong></span> <span class='ocrx_word' id='word_1_115' title='bbox 648 2939 845 3034; x_wconf 86' lang='lat' dir='ltr'><strong>ingesserit,</strong></span> <span class='ocrx_word' id='word_1_116' title='bbox 862 2937 1027 3033; x_wconf 90' lang='lat' dir='ltr'><strong>idemque</strong></span> <span class='ocrx_word' id='word_1_117' title='bbox 1044 2939 1133 3012; x_wconf 87' lang='lat' dir='ltr'><strong>forte</strong></span> <span class='ocrx_word' id='word_1_118' title='bbox 1150 2952 1213 3014; x_wconf 89' lang='lat' dir='ltr'><strong>aut</strong></span> <span class='ocrx_word' id='word_1_119' title='bbox 1229 2942 1386 3017; x_wconf 89' lang='lat' dir='ltr'><strong>dilutum</strong></span> <span class='ocrx_word' id='word_1_120' title='bbox 1400 2970 1409 3032; x_wconf 91' lang='lat'>;</span> 
     </span>
     <span class='ocr_line' id='line_1_20' title="bbox 388 3054 1415 3151; baseline 0.004 -23"><span class='ocrx_word' id='word_1_121' title='bbox 388 3079 525 3128; x_wconf 89' lang='lat' dir='ltr'><strong>necnon</strong></span> <span class='ocrx_word' id='word_1_122' title='bbox 547 3064 652 3149; x_wconf 90' lang='lat' dir='ltr'><strong>prout</strong></span> <span class='ocrx_word' id='word_1_123' title='bbox 674 3054 830 3127; x_wconf 87' lang='lat' dir='ltr'><strong>medicus</strong></span> <span class='ocrx_word' id='word_1_124' title='bbox 848 3080 952 3151; x_wconf 88' lang='lat' dir='ltr'><strong>ocyus</strong></span> <span class='ocrx_word' id='word_1_125' title='bbox 978 3066 1043 3127; x_wconf 89' lang='lat' dir='ltr'><strong>aut</strong></span> <span class='ocrx_word' id='word_1_126' title='bbox 1069 3057 1179 3128; x_wconf 84' lang='lat' dir='ltr'><strong>serius</strong></span> <span class='ocrx_word' id='word_1_127' title='bbox 1206 3058 1340 3131; x_wconf 85' lang='lat' dir='ltr'><strong>auxilio</strong></span> <span class='ocrx_word' id='word_1_128' title='bbox 1357 3085 1415 3132; x_wconf 88' lang='lat' dir='ltr'><strong>ve-</strong></span> 
     </span>
     <span class='ocr_line' id='line_1_21' title="bbox 390 3171 1414 3269; baseline 0.002 -23"><span class='ocrx_word' id='word_1_129' title='bbox 390 3173 505 3256; x_wconf 90' lang='lat' dir='ltr'><strong>nerit;</strong></span> <span class='ocrx_word' id='word_1_130' title='bbox 532 3180 638 3267; x_wconf 84' lang='lat' dir='ltr'><strong>atque</strong></span> <span class='ocrx_word' id='word_1_131' title='bbox 662 3171 818 3244; x_wconf 88' lang='lat' dir='ltr'><strong>remedia</strong></span> <span class='ocrx_word' id='word_1_132' title='bbox 834 3196 968 3244; x_wconf 89' lang='lat' dir='ltr'><strong>veneno</strong></span> <span class='ocrx_word' id='word_1_133' title='bbox 994 3171 1143 3244; x_wconf 90' lang='lat' dir='ltr'><strong>delendo</strong></span> <span class='ocrx_word' id='word_1_134' title='bbox 1169 3184 1252 3269; x_wconf 85' lang='lat' dir='ltr'><strong>apta</strong></span> <span class='ocrx_word' id='word_1_135' title='bbox 1275 3175 1414 3249; x_wconf 86' lang='lat' dir='ltr'><strong>dederit</strong></span> 
     </span>
     <span class='ocr_line' id='line_1_22' title="bbox 391 3290 751 3385; baseline -0.011 -21"><span class='ocrx_word' id='word_1_136' title='bbox 391 3300 455 3364; x_wconf 89' lang='lat' dir='ltr'><strong>aut</strong></span> <span class='ocrx_word' id='word_1_137' title='bbox 470 3290 751 3385; x_wconf 85' lang='lat' dir='ltr'><strong>praetermiserit.</strong></span> 
     </span>
    </p>
   </div>
   <div class='ocr_carea' id='block_1_7' title="bbox 386 3627 1460 3817">
    <p class='ocr_par' dir='ltr' id='par_1_8' title="bbox 386 3627 1460 3817">
     <span class='ocr_line' id='line_1_23' title="bbox 386 3627 1460 3706; baseline -0.008 -9"><span class='ocrx_word' id='word_1_138' title='bbox 386 3629 615 3699; x_wconf 77' lang='lat' dir='ltr'>CCXLVIII.</span> <span class='ocrx_word' id='word_1_139' title='bbox 629 3629 702 3699; x_wconf 70' lang='lat' dir='ltr'><strong>‚DE</strong></span> <span class='ocrx_word' id='word_1_140' title='bbox 726 3627 955 3706; x_wconf 86' lang='lat' dir='ltr'><strong>RATIONE,</strong></span> <span class='ocrx_word' id='word_1_141' title='bbox 975 3629 1077 3705; x_wconf 71' lang='lat' dir='ltr'><strong>‚QUA</strong></span> <span class='ocrx_word' id='word_1_142' title='bbox 1098 3629 1292 3699; x_wconf 83' lang='lat' dir='ltr'>ACIDUM</span> <span class='ocrx_word' id='word_1_143' title='bbox 1315 3631 1418 3695; x_wconf 90' lang='lat' dir='ltr'>SUL.</span> <span class='ocrx_word' id='word_1_144' title='bbox 1458 3684 1460 3688; x_wconf 12' lang='grc' dir='ltr'><em>Α</em></span> 
     </span>
     <span class='ocr_line' id='line_1_24' title="bbox 669 3752 1128 3817; baseline -0.002 -1"><span class='ocrx_word' id='word_1_145' title='bbox 669 3752 933 3817; x_wconf 72' lang='lat' dir='ltr'><strong>PHURICUM</strong></span> <span class='ocrx_word' id='word_1_146' title='bbox 957 3754 1128 3817; x_wconf 85' lang='lat' dir='ltr'><strong>NECAT.</strong></span> 
     </span>
    </p>
   </div>
   <div class='ocr_carea' id='block_1_8' title="bbox 391 3934 1415 4151">
    <p class='ocr_par' dir='ltr' id='par_1_9' title="bbox 391 3934 1415 4151">
     <span class='ocr_line' id='line_1_25' title="bbox 417 3934 1415 4033; baseline 0.003 -26"><span class='ocrx_word' id='word_1_147' title='bbox 417 4024 420 4031; x_wconf 86' lang='lat'>.</span> <span class='ocrx_word' id='word_1_148' title='bbox 440 3934 570 4029; x_wconf 85' lang='lat' dir='ltr'><strong>Longo</strong></span> <span class='ocrx_word' id='word_1_149' title='bbox 594 3959 749 4011; x_wconf 84' lang='lat' dir='ltr'><strong>sermone</strong></span> <span class='ocrx_word' id='word_1_150' title='bbox 772 3937 960 4030; x_wconf 90' lang='lat' dir='ltr'><strong>inquirere,</strong></span> <span class='ocrx_word' id='word_1_151' title='bbox 978 3935 1151 4031; x_wconf 91' lang='lat' dir='ltr'><strong>quomodo</strong></span> <span class='ocrx_word' id='word_1_152' title='bbox 1174 3935 1321 4009; x_wconf 82' lang='lat' dir='ltr'><strong>acidum</strong></span> <span class='ocrx_word' id='word_1_153' title='bbox 1339 3964 1415 4033; x_wconf 88' lang='lat' dir='ltr'><strong>pro-</strong></span> 
     </span>
     <span class='ocr_line' id='line_1_26' title="bbox 391 4048 1414 4151; baseline -0.002 -24"><span class='ocrx_word' id='word_1_154' title='bbox 391 4054 545 4151; x_wconf 85' lang='lat' dir='ltr'><strong>positum</strong></span> <span class='ocrx_word' id='word_1_155' title='bbox 573 4048 754 4123; x_wconf 91' lang='lat' dir='ltr'><strong>hominem</strong></span> <span class='ocrx_word' id='word_1_156' title='bbox 784 4063 944 4137; x_wconf 86' lang='lat' dir='ltr'><strong>venenet,</strong></span> <span class='ocrx_word' id='word_1_157' title='bbox 963 4054 1023 4124; x_wconf 89' lang='lat' dir='ltr'><strong>vix</strong></span> <span class='ocrx_word' id='word_1_158' title='bbox 1053 4078 1139 4148; x_wconf 91' lang='lat' dir='ltr'><strong>opus</strong></span> <span class='ocrx_word' id='word_1_159' title='bbox 1169 4078 1242 4126; x_wconf 87' lang='lat' dir='ltr'><strong>esse</strong></span> <span class='ocrx_word' id='word_1_160' title='bbox 1266 4053 1414 4127; x_wconf 85' lang='lat' dir='ltr'><strong>videtur.</strong></span> 
     </span>
    </p>
   </div>
   <div class='ocr_carea' id='block_1_9' title="bbox 391 4158 1465 4340">
    <p class='ocr_par' dir='ltr' id='par_1_10' title="bbox 391 4158 1465 4340">
     <span class='ocr_line' id='line_1_27' title="bbox 391 4158 1465 4266; baseline -0.005 -22"><span class='ocrx_word' id='word_1_161' title='bbox 391 4172 517 4257; x_wconf 86' lang='lat' dir='ltr'><strong>Quum</strong></span> <span class='ocrx_word' id='word_1_162' title='bbox 541 4168 631 4242; x_wconf 84' lang='lat' dir='ltr'><strong>satis</strong></span> <span class='ocrx_word' id='word_1_163' title='bbox 651 4159 765 4263; x_wconf 89' lang='lat' dir='ltr'><strong>liquet</strong></span> <span class='ocrx_word' id='word_1_164' title='bbox 791 4167 957 4243; x_wconf 81' lang='lat' dir='ltr'><strong>fabricam</strong></span> <span class='ocrx_word' id='word_1_165' title='bbox 975 4171 1118 4244; x_wconf 88' lang='lat' dir='ltr'><strong>vitalem</strong></span> <span class='ocrx_word' id='word_1_166' title='bbox 1143 4158 1311 4266; x_wconf 84' lang='lat' dir='ltr'><strong>partium,</strong></span> <span class='ocrx_word' id='word_1_167' title='bbox 1331 4194 1415 4266; x_wconf 88' lang='lat' dir='ltr'><strong>quas</strong></span> <span class='ocrx_word' id='word_1_168' title='bbox 1460 4230 1465 4239; x_wconf 90' lang='lat'>.</span> 
     </span>
     <span class='ocr_line' id='line_1_28' title="bbox 876 4296 892 4340; baseline 0 0"><span class='ocrx_word' id='word_1_169' title='bbox 876 4296 892 4340; x_wconf 86' lang='lat' dir='ltr'><strong>a</strong></span> 
     </span>
    </p>
   </div>
   <div class='ocr_carea' id='block_1_10' title="bbox 0 0 1668 5188">
    <p class='ocr_par' dir='ltr' id='par_1_11' title="bbox 0 0 1668 5188">
     <span class='ocr_line' id='line_1_29' title="bbox 0 0 1668 5188; baseline 0 0"><span class='ocrx_word' id='word_1_170' title='bbox 0 0 1668 5188; x_wconf 95' lang='lat' dir='ltr'><strong> </strong></span> 
     </span>
    </p>
   </div>
  </div>
 </body>
</html>
