3326 5302
394 530 443 601 46
780 548 1026 602 ernsnenn.

356 738 359 745 ’
442 724 474 797 b.
500 722 922 819 Vnnoss-Sanguine
939 747 1113 818 purpureo
1130 722 1322 818 aequaliter
1338 748 1414 821 pro-

393 845 493 943 fuso:
520 843 658 936 saepius
674 841 772 938 apud
786 839 946 915 homines
960 852 1114 914 aetatem
1131 839 1285 913 mediam
1301 852 1413 915 trans-

393 984 537 1058 gressos,
553 958 687 1054 plenos,
704 969 811 1055 atque
825 957 1065 1059 Apopleoer'ae
1081 959 1282 1034 subeundae
1299 971 1409 1054 aptos.

441 1100 470 1150 c.
496 1076 799 1149 Psss1vA.-Ob
816 1102 921 1150 venas
947 1077 1046 1149 laxas
1068 1088 1105 1150 et
1128 1077 1334 1172 sanguinem
1362 1088 1414 1150 te·

392 1195 574 1269 nuiorem:
612 1195 735 1279 veluti,
767 1196 974 1290 urgentibus
1003 1192 1194 1279 Scorbow,
1224 1192 1413 1293 Purpura

294 1340 304 1355 ’
392 1309 711 1409 boerwrrlroga'oa,
727 1311 951 1407 febribusque
967 1311 1142 1407 malignis.

775 1697 1055 1708 —--—-——-—

389 1928 462 2033 ’τ
590 1979 669 2051 nn
697 1976 966 2052 annornm
993 1976 1215 2049 nonnis.

857 2174 955 2199 -ο-

642 2270 851 2391 Χὶωςνῌ.
878 2302 1151 2367 cnnancnn.

439 2466 982 2561 DEF1N1T10.—Inflammatio
995 2487 1147 2582 cujusvis
1163 2484 1316 2558 faucium
1334 2513 1412 2584 par·
1433 2556 1436 2565 ,

390 2607 447 2692 tis,
465 2605 583 2679 dolore
595 2617 637 2679 -et
654 2629 758 2678 sensu
776 2606 970 2699 angustiae,
984 2616 1091 2701 atque
1101 2605 1245 2677 vorandi
1261 2616 1325 2680 aut
1341 2609 1410 2703 spi·

390 2723 491 2794 randi
508 2721 728 2806 difficultate,
747 2731 810 2795 aut
826 2733 976 2816 utraque
993 2723 1175 2818 insignita.

451 2839 495 2901 N.
507 2838 644 2900 B.-Ea
658 2858 731 2913 vox,
746 2837 924 2920 Cymaeae,
939 2858 1003 2898 non
1017 2839 1163 2899 morbum
1177 2839 1341 2923 proprium
1353 2839 1413 2926 sig-

535 2941 660 3002 nificat:
684 2951 718 3001 at
743 2951 915 3022 usurpatur
940 2939 981 3001 ad
996 2939 1097 3002 varios
1123 2941 1261 3003 faucium
1286 2945 1412 3008 morbos

537 3044 754 3129 designandos,
781 3042 889 3106 addito
915 3045 1039 3107 nomine
1065 3047 1227 3130 effectivo,
1243 3048 1283 3111 ad
1310 3050 1412 3113 sedem

537 3147 723 3232 ipsissimam
736 3147 942 3211 indicandam.

466 3260 508 3296 r.

408 3453 620 3545 xxxvnr.
646 3430 908 3521 cYNANcHn
932 3456 1200 3521 LARYNGEA
1217 3403 1393 3538 (inance,

628 3601 812 3642 srnsnomc
829 3601 934 3643 cnoun
950 3600 991 3642 or
1007 3585 1164 3662 annana).

437 3762 853 3857 Dnr1n1r10.-Apud
878 3762 1027 3848 adultos,
1050 3763 1229 3859 pyrerria,
1247 3767 1345 3841 dolor
1370 3781 1407 3842 et

387 3904 505 3975 angor,
523 3889 561 3953 et
584 3904 685 3974 saepe
709 3881 814 3951 rubor
830 3889 867 3951 et
884 3891 1001 3953 tumor
1025 3880 1203 3955 faucium:
1228 3885 1406 3981 glutiendi

385 3996 598 4070 difficultas:
624 4020 692 4068 vox
717 3997 822 4068 initio
848 4021 962 4081 rauca,
984 3997 1111 4070 deinde
1137 4011 1250 4087 acuta,
1267 4026 1406 4076 susurro

385 4112 521 4198 similis,
539 4112 594 4184 vel
611 4110 729 4191 nulla:
756 4112 879 4185 sibilus
895 4114 988 4186 inter
1005 4116 1248 4212 inspirandum
1265 4118 1403 4192 editus:

384 4232 566 4327 respiratio
593 4229 693 4303 tarda
716 4240 754 4301 et
776 4230 952 4302 difficilis:
978 4233 1031 4305 vis
1053 4236 1225 4308 tussiendi
1243 4248 1280 4310 et
1296 4261 1404 4333 expu-

385 4349 467 4422 endi
485 4375 574 4446 pene
592 4349 714 4421 nulla:
741 4348 860 4437 vuitus
879 4349 1042 4445 pallidus.
