3326 5188
409 544 482 621 228
556 562 612 620 DE
629 568 849 622 summm
868 569 986 625 zmm
1005 573 1276 627 mmmmm.

407 741 560 815 culosam
578 754 684 840 atque
700 768 876 837 mucosam
893 747 1035 832 effusus,
1053 748 1162 821 oculis
1171 759 1281 845 patet.
1333 751 1427 837 Qui-

406 859 473 932 bus
489 862 609 933 contiei
630 864 724 934 notis
743 863 944 957 judicamus
969 864 1123 963 eulpdas
1140 866 1238 940 zinci
1262 881 1430 944 contactu
1491 866 1495 873 ’

407 980 643 1052 ventriculum
659 972 701 1054 et
712 982 922 1055 intestinum
945 982 1175 1069 inflammare,
1199 987 1243 1057 ob
1259 987 1331 1058 vim
1355 1013 1428 1083 qua

343 1106 346 1113 ’
407 1096 527 1193 pollet,
540 1099 703 1172 irritandi
720 1110 784 1172 aut
800 1100 956 1174 rodendi.
1008 1102 1197 1187 Quantum
1214 1105 1248 1175 ei
1264 1106 1430 1203 absorpto

406 1225 443 1311 et
460 1217 623 1312 sanguini
649 1217 905 1291 circumfluenti
927 1217 1084 1292 immisto
1109 1219 1288 1307 debeatur,
1304 1247 1430 1318 propo-

404 1353 487 1405 nere
504 1357 575 1405 non
593 1334 713 1443 audeo.
850 1396 853 1411 s

444 1652 684 1717 ccxxxlx.
720 1654 784 1718 DE
809 1654 1064 1719 SULPHATE
1088 1657 1222 1721 ZINCI
1244 1658 1391 1721 DETE-

705 1814 709 1828 ·-
825 1782 997 1845 GENDO.

325 1983 327 1989 ’
451 2008 485 2057 α.
513 1986 695 2082 Siquidem
707 1984 873 2083 Sulphas
890 1985 986 2058 zinci
1003 1987 1177 2071 effossum,
1188 1987 1345 2059 nondum
1364 2013 1424 2060 ex-

400 2113 601 2200 purgatum,
636 2105 781 2200 paululo
809 2102 995 2202 eulpdatis
1023 2103 1104 2177 ferri
1138 2106 1356 2201 inquinatur,
1390 2110 1420 2180 si

397 2228 549 2320 potassa
565 2222 622 2295 vel
651 2223 834 2296 ammonia
862 2223 895 2296 ei
925 2247 1014 2320 aqua
1043 2223 1214 2298 dissoluto
1243 2224 1420 2320 adjicitur,

399 2338 564 2436 ooeydum
586 2340 708 2412 eoloris
733 2342 827 2414 inter
852 2341 1066 2415 subviridem
1083 2353 1119 2415 et
1135 2341 1294 2417 albidum
1311 2342 1420 2415 medii

268 2511 270 2519 -
399 2458 588 2553 dejicitur;
615 2459 669 2533 ,id
698 2469 763 2546 est,
792 2448 955 2556 omydum
984 2459 1082 2532 zinci
1114 2460 1234 2535 album
1263 2461 1422 2558 pauxillo

398 2574 516 2672 ooeydi
541 2576 623 2649 ferri
653 2579 818 2651 mixtum.
870 2570 956 2664 Quo
972 2579 1024 2662 tit,
1040 2588 1083 2652 ut
1102 2584 1256 2677 potasse
1273 2580 1329 2652 vel
1344 2601 1419 2652 am-

398 2693 521 2768 mnia
537 2693 702 2795 tullidati
724 2695 821 2770 zinci
841 2721 929 2793 puro
945 2697 1061 2769 indita
1076 2697 1240 2796 ooeydum
1257 2696 1353 2770 zinci
1370 2697 1418 2770 al-

397 2814 482 2884 bum
500 2813 677 2888 demittat.

372 2968 376 2976 ¹
405 2973 411 2982 ·
447 2932 478 3005 b.
507 2934 546 3005 Si
569 2931 757 3007 borussiae
782 2939 956 3030 potassae
978 2929 1145 3029 suliidati
1169 2933 1266 3006 zinci
1295 2935 1420 3008 effosso

397 3051 551 3134 additur,
568 3077 730 3148 praeceps
754 3050 887 3123 decidit
908 3074 962 3121 res
985 3048 1162 3134 coemlea;
1190 3075 1280 3145 quae
1296 3076 1341 3122 ex
1358 3049 1417 3124 bo-

397 3166 560 3242 russiam
583 3167 680 3242 zinci
701 3181 738 3242 et
756 3164 962 3241 horamate
989 3164 1071 3237 ferri
1099 3166 1192 3238 inter
1217 3191 1253 3238 se
1279 3168 1419 3242 sociatis

396 3298 542 3362 constat.
586 3287 694 3373 Quod
707 3289 737 3361 si
750 3283 1306 3384 borussiaepotassaesumtati
1321 3284 1420 3359 zinci

396 3407 521 3480 alienis
550 3407 713 3479 omnibus
739 3429 847 3477 vacuo
876 3402 1065 3498 adJieitur3
1093 3404 1261 3500 sequitur,
1288 3414 1330 3476 ut
1359 3401 1416 3478 bo-

395 3525 541 3603 russiae
557 3524 665 3609 zinci,
682 3525 793 3597 colore
809 3523 888 3595 albo
904 3522 1103 3618 praeditum
1122 3523 1288 3595 subsidat.

443 3634 473 3719 e.
500 3640 923 3741 Hydra-sulphurem
949 3647 1122 3738 potasset
1137 3636 1302 3733 sulptati
1319 3639 1417 3714 zinci

395 3763 518 3837 effosso
534 3763 702 3846 inditum,
712 3760 796 3833 facit
809 3771 852 3833 ut
863 3783 917 3832 res
931 3756 1097 3850 subnigra
1112 3779 1274 3851 praeceps
1290 3755 1415 3840 cedat3

394 3903 521 3977 nempe
550 3876 944 3978 hydro-eulpduretum
974 3872 1055 3947 ferri
1073 3884 1191 3977 'atque
1219 3872 1340 3946 zinci.-
1384 3877 1413 3947 si

393 4024 474 4072 vero
490 3996 661 4095 sulpdate
691 3997 788 4070 zinci
816 4005 1009 4091 expurgato
1036 3996 1181 4081 utimur,
1198 3993 1410 4091 hydro-sul-

387 4113 591 4216 phuretum
616 4113 723 4197 zinci,
741 4112 862 4189 eoloris
888 4112 1009 4197 albidi,
1027 4115 1249 4210 aliquantum
1266 4139 1349 4205 sane
1367 4113 1412 4185 ad

392 4236 521 4311 flavum
539 4233 738 4330 spectantis,
757 4231 946 4336 descemdit.
