3326 5188
375 509 450 580 aab·
680 524 736 583 m:
754 522 883 581 Aemo
903 526 1098 583 exarabo,

374 714 456 776 rant
471 703 538 777 boe
554 702 701 778 beidam
716 726 940 802 ammarum
955 704 1133 780 abcedere
1148 708 1282 794 iaearea
1306 707 1400 781 tieri-

375 846 444 919 que
459 844 558 919 pesae
575 825 674 905 aeide
699 823 833 899 uitrico
856 824 981 897 multia
1006 823 1085 898 aliia
1110 818 1213 898 rebus
1239 828 1396 923 adjecto:

375 938 584 1034 quinetiam,
597 931 718 1016 emnia
732 939 853 1027 aeide,
866 944 995 1038 quibus
1011 944 1103 1015 aucei
1119 940 1326 1042 plantarum
1333 958 1398 1019 'aut

373 1056 552 1132 fruetuum
570 1061 794 1146 imbuuntur,
812 1082 856 1134 ex
873 1059 999 1134 iisdem
1015 1062 1198 1158 principiis
1211 1073 1395 1150 eanetare'3

373 1201 513 1273 nempe,
528 1178 723 1276 amygemb,
741 1176 972 1276 tpaageam
986 1174 1236 1265 et-earbaeia3
1260 1196 1396 1253 aaaron

373 1295 520 1370 aeidum
531 1299 749 1394 propositum
761 1321 860 1369 sueeo
875 1294 1051 1370 oxalida
1066 1295 1281 1371 aeeterellue
1290 1309 1398 1396 atque

373 1412 541 1493 eumue
565 1411 961 1489 membraturam:
988 1416 1056 1487 isto
1080 1417 1224 1488 nomine
1248 1418 1396 1512 abjeeto,

375 1528 577 1609 Oaauema
592 1556 714 1607 vacare
730 1546 937 1633 caeperunt
981 1534 1017 1606 E
1035 1535 1144 1607 auceia
1164 1538 1240 1629 jam
1266 1556 1396 1608 memo·

371 1653 459 1725 ratis
473 1651 621 1727 aeidum
638 1644 823 1727 baelicam
845 1645 974 1728 deduei
995 1646 1123 1750 pateat,
1148 1678 1241 1749 aqua
1256 1661 1397 1736 acetum

365 1769 511 1868 plumbi
539 1787 602 1846 aut
635 1772 777 1848 aitrau
807 1771 955 1848 buritue
987 1764 1125 1847 imbuta
1157 1774 1392 1848 effundenda:

372 1890 494 1962 atatim
515 1889 647 1966 amulae
670 1893 808 1988 plumbi
833 1903 897 1966 aut
923 1890 1069 1966 bardae
1092 1880 1266 1988 dejicitur,
1279 1879 1395 1966 ⁴uuida

369 2006 586 2107 aulprburieo
601 2009 703 2083 facile
720 2011 975 2084 resaieendum.

393 2140 397 2151 '
419 2127 1020 2228 Acidumemuiieamebrpatalloa
1043 2131 1187 2205 exhibet
1204 2131 1394 2204 admodum

371 2245 490 2331 exiles,
506 2245 700 2343 peliae-‘idae
711 2271 721 2333 3
731 2234 782 2321 'ex
801 2247 929 2343 quibus
947 2236 1112 2344 quaeque
1123 2241 1236 2344 figura
1250 2246 1396 2345 prisma

370 2374 521 2459 quatuor
537 2365 677 2460 angulis
692 2367 906 2439 instructum
923 2378 1180 2463 repraesentat:
1206 2367 1310 2440 odore
1332 2366 1393 2440 ad-

369 2481 523 2556 modum*
545 2483 645 2559 acido
672 2483 788 2557 faueas
814 2496 1016 2581 exasperat:
1047 2486 1139 2559 duae
1155 2485 1266 2559 librae
1283 2511 1394 2583 aquae

370 2600 519 2699 frigidae
542 2613 578 2677 et
594 2628 666 2677 una
683 2603 773 2676 libra
799 2628 910 2699 aquae
934 2605 1118 2678 bullientis
1134 2604 1393 2679 libram-aeide·

370 2722 480 2817 ipsius
508 2722 678 2796 solvendo*
704 2732 789 2795 sunt
817 2721 961 2796 habiles.
1028 2723 1211 2819 Siquidem
1244 2722 1392 2809 aeidum

369 2840 554 2916 amblicum
587 2839 873 2939 chapaiuilarum
905 2843 1029 2937 figura,
1071 2843 1219 2939 aliisque
1252 2844 1393 2916 dotibus

369 2961 469 3035 oculo
490 2960 723 3046 evidentibus,
740 2957 895 3058 salpitae
911 2960 1123 3056 magnesiae
1148 2959 1244 3033 haud
1266 2987 1391 3057 parum

370 3081 534 3166 simulat3
562 3078 645 3154 hina
670 3079 767 3154 haud
792 3080 905 3177 pauci,
931 3080 1033 3150 annia
1062 3081 1215 3174 nuperis,
1242 3079 1305 3151 illo
1328 3104 1392 3175 pro

368 3199 436 3272 hoc
459 3200 598 3298 ingesto
621 3202 810 3298 perierunt.
867 3199 996 3296 Sapore
1021 3198 1184 3294 equidem
1210 3196 1296 3271 haee
1320 3197 1392 3270 duo

368 3341 473 3415 quam
502 3319 656 3392 maxime
685 3320 779 3392 inter
808 3342 847 3391 se
869 3317 1089 3413 discrepant:
1115 3317 1311 3414 lugendum
1337 3327 1392 3390 est

368 3451 486 3513 tamen
504 3437 647 3523 multos,
663 3437 898 3511 similitudine
905 3444 982 3535 jam
1001 3436 1096 3510 dieta
1112 3433 1285 3534 deceptos,
1296 3438 1391 3511 illico

288 3642 291 3645 ¹
367 3582 539 3631 venenum
558 3556 797 3653 ingurgitare3
824 3580 889 3628 nea
909 3557 1007 3650 prius
1032 3580 1068 3627 se
1095 3579 1223 3626 errasse
1250 3556 1390 3638 sentire,

367 3703 473 3772 quam
490 3677 527 3749 id
545 3656 662 3750 totum
680 3677 915 3749 ventriculum
932 3676 1084 3771 petierit.
1138 3673 1299 3759 Quidam
1322 3672 1389 3746 hu·

361 3800 421 3889 jus
445 3796 497 3867 rei
517 3819 689 3869 memores
705 3792 933 3892 chrystallus,
958 3794 996 3864 id
1022 3802 1076 3865 est
1100 3788 1247 3864 acidam
1271 3789 1390 3865 ouub‘-

366 3936 448 3986 eum
472 3923 547 3985 arte
573 3915 715 3987 colorari
735 3917 875 4010 jubent,
901 3913 1106 4010 quominus
1131 3934 1195 4009 pm
1219 3909 1396 4011 aralpbute.

365 4031 579 4131 magnesiae
594 4030 775 4107 habeatur.

414 4152 519 4240 Quae
540 4149 585 4224 de
605 4149 670 4224 hoe
692 4177 826 4228 veneno
851 4156 1109 4250 conscripturus
1134 4178 1224 4240 sum,
1250 4153 1390 4249 potissi·
