3342 5208
528 561 755 614 uueunms
773 559 1025 614 consonum.
1217 547 1288 613 103

264 748 386 809 mente
403 731 647 830 exasperatus:
673 737 776 806 urina
792 736 943 807 crebrius
961 743 1110 819 excreta,
1135 733 1288 828 plerum-

267 876 336 948 que
352 855 470 926 tenuis
487 864 523 926 et
537 853 684 937 decolor,
702 851 886 924 interdum
898 852 1116 936 ruberrimo3
1143 876 1215 923 non
1231 877 1288 924 ve-

265 994 305 1043 ro
318 971 477 1044 sabulosa
490 981 553 1044 aut
569 994 732 1043 mucosa:
750 969 922 1042 vomitus:
941 969 1049 1041 cruris
1063 977 1202 1064 stupor:
1220 981 1289 1042 tes-

266 1085 398 1159 ticulus
414 1075 572 1182 ejusdem
589 1085 709 1159 lateris
726 1094 898 1157 retractus
910 1082 967 1156 vel
984 1083 1116 1157 dolens.

235 1196 246 1217 ⁸
327 1205 373 1266 N.
386 1203 623 1280 B.-Quamvis
636 1214 795 1289 stuporem
805 1202 916 1280 crude,
928 1199 1170 1288 testiculumque
1180 1215 1293 1268 retrac-

416 1320 483 1371 tum
505 1308 554 1371 vel
576 1308 742 1386 dolentem,
768 1308 849 1371 inter
873 1307 963 1394 signa
985 1307 1096 1371 calculi
1117 1309 1294 1371 communia

414 1410 575 1497 proposui,
583 1411 659 1492 (non
669 1433 741 1474 sone
750 1410 838 1495 quod
846 1421 1001 1495 perpetuo
1012 1410 1293 1496 urgent‚sedqu0d

414 1515 521 1588 adesse
535 1526 677 1601 possunt,
692 1515 870 1597 cuicunque
885 1513 950 1576 sedi
961 1512 1098 1575 calcuulus
1107 1513 1292 1599 inhaereat),

415 1642 478 1682 non
493 1619 586 1682 simul
600 1619 769 1682 existimari
783 1628 917 1703 oportet,
938 1639 975 1679 ea
987 1617 1078 1702 signa
1091 1639 1154 1682 non
1168 1619 1293 1681 aliunde

416 1745 544 1807 quoque
569 1724 670 1786 enasci
696 1743 794 1807 posse.
857 1720 1067 1785 Inflammatio
1092 1722 1174 1784 enim
1199 1723 1292 1801 renis,

413 1828 528 1892 calculi
542 1850 662 1915 experS,
677 1829 768 1914 signa
782 1828 890 1892 eadem
909 1828 1031 1914 gignit:
1056 1840 1175 1891 coetera
1190 1840 1292 1894 tamen

416 1935 526 2000 calculi
541 1923 660 2000 indicia*
669 1934 757 1998 nulla
770 1920 846 1999 satis
860 1936 940 1998 hanc
957 1935 1081 2000 subesse
1093 1933 1215 2000 docent.

392 2189 562 2251 cxvru.
585 2162 849 2251 unrenums
872 2188 1160 2255 emortuom.

230 2438 235 2444 .
318 2369 827 2465 Dnururmo-Praegresso
844 2390 1121 2444 unrunnnom
1137 2392 1290 2446 crucu-

268 2505 373 2557 nosn
398 2488 499 2580 signa
525 2506 818 2559 unennfflnrsr
846 2512 985 2580 quoque
1001 2490 1104 2558 urina
1130 2491 1289 2560 sabulosa

265 2613 306 2675 et
322 2615 485 2674 mucoso:
511 2603 603 2674 actio
620 2602 807 2673 ventriculi
823 2603 979 2674 multum
997 2606 1151 2676 turbato.¹

319 2721 461 2792 CAUSA
485 2717 1032 2790 confluens-Inflammatio
1048 2721 1141 2791 renis
1157 2720 1289 2792 calculo

171 2907 174 2915 .
268 2837 381 2907 cuivis
397 2839 473 2930 ejus
489 2834 582 2929 parti
598 2834 708 2905 infixo
726 2857 878 2906 accensa.

321 2953 366 3015 N.
377 2950 670 3015 B.-Manifestum
686 2961 732 3013 est
750 2953 930 3037 pyracium,
945 2951 1084 3015 dolorem
1100 2975 1206 3037 presso
1220 2975 1292 3017 reue

308 3128 310 3133 ,
418 3067 558 3133 auctum,
582 3068 613 3119 et
629 3057 717 3142 signo
739 3055 843 3120 omnia
864 3057 999 3135 assidua,
1021 3058 1109 3120 nullo
1130 3059 1293 3122 intervallo

419 3162 591 3246 interjecto,
602 3184 704 3247 usque
718 3162 759 3224 ad
773 3162 1047 3225 inflammationem
1062 3164 1193 3241 finitam,
1207 3165 1292 3227 hunc

418 3264 564 3325 morbum
590 3264 630 3325 ab
656 3286 880 3328 unnnunnom
904 3287 1096 3329 cnucnnosn
1121 3268 1293 3332 discernere

419 3388 529 3450 posse:
546 3376 683 3428 coeterae
693 3368 776 3428 enim
786 3378 932 3431 notarum
942 3369 988 3430 illi
1000 3391 1073 3432 eum
1082 3370 1142 3432 hac
1156 3393 1294 3434 commu·
1329 3396 1336 3402 ’
1386 3365 1387 3369 ’

419 3491 474 3531 nes
489 3491 553 3532 esse
567 3481 764 3532 consuerunt.
919 3473 922 3480 ⁴

270 3763 403 3828 CXIX.
425 3761 660 3825 ISCHURIA
683 3760 890 3825 RENALIS
912 3780 978 3822 nun
1000 3761 1292 3827 URETERICA.

324 3942 743 4016 mmmm-Urina
759 3966 830 4014 nou
844 3953 992 4027 excreta,
1006 3944 1050 4016 ob
1062 3944 1293 4040 impedimen-

275 4075 353 4136 tum
369 4062 446 4134 reni
462 4062 518 4133 vel
535 4059 641 4134 alicui
657 4063 817 4135 ureterlo
832 4061 925 4157 parti
942 4061 1108 4134 infixum(

266 4186 270 4193 '
327 4179 372 4242 N.
386 4180 661 4264 B.-Quanquam
676 4179 856 4243 Cunnnuus
874 4199 1009 4242 senoms
1026 4190 1164 4264 quatuor
1180 4181 1297 4243 Iscuu-

366 4292 370 4298 “
426 4303 509 4345 runn
535 4282 641 4363 habet,
672 4305 740 4346 enm
762 4281 921 4367 duplicem
942 4304 1115 4367 proponere
1136 4271 1212 4346 'satis
1234 4305 1298 4346 esse
