<?xml version="1.0" encoding="UTF-8"?>
<!DOCTYPE html PUBLIC "-//W3C//DTD XHTML 1.0 Transitional//EN"
    "http://www.w3.org/TR/xhtml1/DTD/xhtml1-transitional.dtd">
<html xmlns="http://www.w3.org/1999/xhtml" xml:lang="en" lang="en">
 <head>
  <title>
</title>
<meta http-equiv="Content-Type" content="text/html;charset=utf-8" />
  <meta name='ocr-system' content='tesseract 3.04.00' />
  <meta name='ocr-capabilities' content='ocr_page ocr_carea ocr_par ocr_line ocrx_word'/>
</head>
<body>
  <div class='ocr_page' id='page_1' title='image "./morborumdefinit01hawlgoog_0206.png"; bbox 0 0 3326 5188; ppageno 0'>
   <div class='ocr_carea' id='block_1_1' title="bbox 279 525 1261 600">
    <p class='ocr_par' dir='ltr' id='par_1_1' title="bbox 279 525 1261 600">
     <span class='ocr_line' id='line_1_1' title="bbox 279 525 1261 600; baseline 0.002 -10"><span class='ocrx_word' id='word_1_1' title='bbox 279 536 334 590; x_wconf 83' lang='lat' dir='ltr'><strong>nn</strong></span> <span class='ocrx_word' id='word_1_2' title='bbox 353 536 538 591; x_wconf 79' lang='lat' dir='ltr'>VENENIS</span> <span class='ocrx_word' id='word_1_3' title='bbox 555 537 614 589; x_wconf 83' lang='lat' dir='ltr'><strong>nx</strong></span> <span class='ocrx_word' id='word_1_4' title='bbox 631 537 836 590; x_wconf 76' lang='lat' dir='ltr'><strong>Ansnruco</strong></span> <span class='ocrx_word' id='word_1_5' title='bbox 856 539 1149 593; x_wconf 74' lang='lat' dir='ltr'><strong>renueranrrs.</strong></span> <span class='ocrx_word' id='word_1_6' title='bbox 1189 525 1261 600; x_wconf 82' lang='grc'><strong>193</strong></span> 
     </span>
    </p>
   </div>
   <div class='ocr_carea' id='block_1_2' title="bbox 242 711 1263 1400">
    <p class='ocr_par' dir='ltr' id='par_1_2' title="bbox 242 711 1263 1256">
     <span class='ocr_line' id='line_1_2' title="bbox 242 711 1260 809; baseline 0.001 -26"><span class='ocrx_word' id='word_1_7' title='bbox 242 713 341 795; x_wconf 89' lang='lat' dir='ltr'><strong>dum,</strong></span> <span class='ocrx_word' id='word_1_8' title='bbox 366 711 501 809; x_wconf 81' lang='lat' dir='ltr'><strong>fragile,</strong></span> <span class='ocrx_word' id='word_1_9' title='bbox 526 712 627 786; x_wconf 88' lang='lat' dir='ltr'><strong>facile</strong></span> <span class='ocrx_word' id='word_1_10' title='bbox 647 715 685 785; x_wconf 94' lang='lat' dir='ltr'><strong>in</strong></span> <span class='ocrx_word' id='word_1_11' title='bbox 702 712 880 809; x_wconf 88' lang='lat' dir='ltr'><strong>pulverem</strong></span> <span class='ocrx_word' id='word_1_12' title='bbox 898 714 1087 788; x_wconf 84' lang='lat' dir='ltr'><strong>redactum.</strong></span> <span class='ocrx_word' id='word_1_13' title='bbox 1140 713 1260 809; x_wconf 85' lang='lat' dir='ltr'><strong>Frigi-</strong></span> 
     </span>
     <span class='ocr_line' id='line_1_3' title="bbox 245 828 1258 915; baseline -0.001 -14"><span class='ocrx_word' id='word_1_14' title='bbox 245 829 329 901; x_wconf 86' lang='lat' dir='ltr'><strong>dum</strong></span> <span class='ocrx_word' id='word_1_15' title='bbox 347 854 417 900; x_wconf 87' lang='lat' dir='ltr'><strong>non</strong></span> <span class='ocrx_word' id='word_1_16' title='bbox 435 830 529 902; x_wconf 85' lang='lat' dir='ltr'><strong>elet:</strong></span> <span class='ocrx_word' id='word_1_17' title='bbox 556 828 761 902; x_wconf 82' lang='lat' dir='ltr'><strong>calefactum</strong></span> <span class='ocrx_word' id='word_1_18' title='bbox 779 831 817 902; x_wconf 91' lang='lat' dir='ltr'><strong>in</strong></span> <span class='ocrx_word' id='word_1_19' title='bbox 835 830 986 902; x_wconf 84' lang='lat' dir='ltr'><strong>sublime</strong></span> <span class='ocrx_word' id='word_1_20' title='bbox 1002 830 1122 915; x_wconf 86' lang='lat' dir='ltr'><strong>fertur,</strong></span> <span class='ocrx_word' id='word_1_21' title='bbox 1148 831 1185 901; x_wconf 90' lang='lat' dir='ltr'><strong>in</strong></span> <span class='ocrx_word' id='word_1_22' title='bbox 1203 828 1258 901; x_wconf 84' lang='lat' dir='ltr'><strong>fu·</strong></span> 
     </span>
     <span class='ocr_line' id='line_1_4' title="bbox 244 936 1259 1041; baseline 0.002 -23"><span class='ocrx_word' id='word_1_23' title='bbox 244 972 341 1018; x_wconf 91' lang='lat' dir='ltr'><strong>mum</strong></span> <span class='ocrx_word' id='word_1_24' title='bbox 360 946 579 1031; x_wconf 85' lang='lat' dir='ltr'><strong>vertendum,</strong></span> <span class='ocrx_word' id='word_1_25' title='bbox 605 949 666 1040; x_wconf 91' lang='lat' dir='ltr'><strong>qui</strong></span> <span class='ocrx_word' id='word_1_26' title='bbox 683 947 805 1018; x_wconf 90' lang='lat' dir='ltr'><strong>eodem</strong></span> <span class='ocrx_word' id='word_1_27' title='bbox 822 946 936 1032; x_wconf 85' lang='lat' dir='ltr'><strong>edere,</strong></span> <span class='ocrx_word' id='word_1_28' title='bbox 960 936 1029 1041; x_wconf 86' lang='lat' dir='ltr'><strong>que</strong></span> <span class='ocrx_word' id='word_1_29' title='bbox 1045 948 1179 1032; x_wconf 86' lang='lat' dir='ltr'><strong>allium,</strong></span> <span class='ocrx_word' id='word_1_30' title='bbox 1196 972 1259 1020; x_wconf 90' lang='lat' dir='ltr'><strong>na·</strong></span> 
     </span>
     <span class='ocr_line' id='line_1_5' title="bbox 243 1064 1263 1162; baseline -0.001 -25"><span class='ocrx_word' id='word_1_31' title='bbox 243 1090 297 1137; x_wconf 82' lang='lat' dir='ltr'><strong>rea</strong></span> <span class='ocrx_word' id='word_1_32' title='bbox 314 1064 472 1138; x_wconf 85' lang='lat' dir='ltr'><strong>offendit.</strong></span> <span class='ocrx_word' id='word_1_33' title='bbox 500 1064 757 1137; x_wconf 78' lang='lat' dir='ltr'><strong>Aasnnrcum</strong></span> <span class='ocrx_word' id='word_1_34' title='bbox 775 1066 946 1137; x_wconf 81' lang='lat' dir='ltr'><strong>sincerum</strong></span> <span class='ocrx_word' id='word_1_35' title='bbox 962 1065 1263 1162; x_wconf 81' lang='lat' dir='ltr'><strong>corperihumano</strong></span> 
     </span>
     <span class='ocr_line' id='line_1_6' title="bbox 245 1185 515 1256; baseline -0.007 -1"><span class='ocrx_word' id='word_1_36' title='bbox 245 1185 435 1256; x_wconf 84' lang='lat' dir='ltr'><strong>innocuum</strong></span> <span class='ocrx_word' id='word_1_37' title='bbox 453 1194 515 1256; x_wconf 90' lang='lat' dir='ltr'><strong>est.</strong></span> 
     </span>
    </p>

    <p class='ocr_par' dir='ltr' id='par_1_3' title="bbox 295 1301 1056 1400">
     <span class='ocr_line' id='line_1_7' title="bbox 295 1301 1056 1400; baseline 0.008 -29"><span class='ocrx_word' id='word_1_38' title='bbox 295 1301 509 1396; x_wconf 71' lang='lat' dir='ltr'><strong>Praqrarata</strong></span> <span class='ocrx_word' id='word_1_39' title='bbox 526 1325 570 1373; x_wconf 85' lang='lat' dir='ltr'><strong>ex</strong></span> <span class='ocrx_word' id='word_1_40' title='bbox 587 1325 627 1373; x_wconf 88' lang='lat' dir='ltr'><strong>eo</strong></span> <span class='ocrx_word' id='word_1_41' title='bbox 644 1304 847 1375; x_wconf 86' lang='lat' dir='ltr'><strong>venenando</strong></span> <span class='ocrx_word' id='word_1_42' title='bbox 863 1316 946 1400; x_wconf 87' lang='lat' dir='ltr'><strong>apta</strong></span> <span class='ocrx_word' id='word_1_43' title='bbox 963 1317 1056 1389; x_wconf 88' lang='lat' dir='ltr'><strong>sunt,</strong></span> 
     </span>
    </p>
   </div>
   <div class='ocr_carea' id='block_1_3' title="bbox 294 1438 1176 1900">
    <p class='ocr_par' dir='ltr' id='par_1_4' title="bbox 294 1438 1062 1536">
     <span class='ocr_line' id='line_1_8' title="bbox 294 1438 1062 1536; baseline 0.004 -27"><span class='ocrx_word' id='word_1_44' title='bbox 294 1462 329 1510; x_wconf 83' lang='lat' dir='ltr'><strong>a.</strong></span> <span class='ocrx_word' id='word_1_45' title='bbox 356 1438 535 1510; x_wconf 77' lang='lat' dir='ltr'><strong>Amnum</strong></span> <span class='ocrx_word' id='word_1_46' title='bbox 554 1459 802 1511; x_wconf 77' lang='lat' dir='ltr'><strong>Ansnuosum</strong></span> <span class='ocrx_word' id='word_1_47' title='bbox 820 1453 857 1513; x_wconf 89' lang='lat' dir='ltr'><strong>et</strong></span> <span class='ocrx_word' id='word_1_48' title='bbox 874 1447 948 1536; x_wconf 86' lang='lat' dir='ltr'><strong>ejus</strong></span> <span class='ocrx_word' id='word_1_49' title='bbox 965 1444 1062 1515; x_wconf 81' lang='lat' dir='ltr'><strong>sales.</strong></span> 
     </span>
    </p>

    <p class='ocr_par' dir='ltr' id='par_1_5' title="bbox 295 1554 1176 1745">
     <span class='ocr_line' id='line_1_9' title="bbox 295 1554 1176 1652; baseline 0.003 -25"><span class='ocrx_word' id='word_1_50' title='bbox 295 1554 327 1627; x_wconf 86' lang='lat' dir='ltr'><strong>b.</strong></span> <span class='ocrx_word' id='word_1_51' title='bbox 353 1556 531 1628; x_wconf 74' lang='lat' dir='ltr'><strong>Amnum</strong></span> <span class='ocrx_word' id='word_1_52' title='bbox 551 1577 796 1628; x_wconf 75' lang='lat' dir='ltr'><strong>nnsnrucum</strong></span> <span class='ocrx_word' id='word_1_53' title='bbox 814 1570 850 1630; x_wconf 89' lang='lat' dir='ltr'><strong>et</strong></span> <span class='ocrx_word' id='word_1_54' title='bbox 867 1562 942 1652; x_wconf 84' lang='lat' dir='ltr'><strong>ejus</strong></span> <span class='ocrx_word' id='word_1_55' title='bbox 959 1559 1055 1630; x_wconf 86' lang='lat' dir='ltr'><strong>sales.</strong></span> <span class='ocrx_word' id='word_1_56' title='bbox 1170 1594 1176 1605; x_wconf 46' lang='lat' dir='ltr'><strong><em>s</em></strong></span> 
     </span>
     <span class='ocr_line' id='line_1_10' title="bbox 296 1673 878 1745; baseline 0 -1"><span class='ocrx_word' id='word_1_57' title='bbox 296 1696 330 1744; x_wconf 77' lang='grc' dir='ltr'><strong>ο.ι</strong></span> <span class='ocrx_word' id='word_1_58' title='bbox 354 1673 673 1745; x_wconf 79' lang='lat' dir='ltr'><strong>Sunruunnnum</strong></span> <span class='ocrx_word' id='word_1_59' title='bbox 691 1694 878 1744; x_wconf 75' lang='lat' dir='ltr'><strong>unnvum.</strong></span> 
     </span>
    </p>

    <p class='ocr_par' dir='ltr' id='par_1_6' title="bbox 296 1780 872 1900">
     <span class='ocr_line' id='line_1_11' title="bbox 296 1780 872 1900; baseline -0.002 -38"><span class='ocrx_word' id='word_1_60' title='bbox 296 1788 331 1900; x_wconf 73' lang='lat' dir='ltr'><strong>d.</strong></span> <span class='ocrx_word' id='word_1_61' title='bbox 360 1780 670 1847; x_wconf 54' lang='lat'><em>---&#39;---—</em></span> <span class='ocrx_word' id='word_1_62' title='bbox 687 1811 872 1863; x_wconf 77' lang='lat' dir='ltr'><strong>aunuum.</strong></span> 
     </span>
    </p>
   </div>
   <div class='ocr_carea' id='block_1_4' title="bbox 210 2019 1279 4231">
    <p class='ocr_par' dir='ltr' id='par_1_7' title="bbox 210 2019 1273 3639">
     <span class='ocr_line' id='line_1_12' title="bbox 295 2019 1268 2115; baseline 0.004 -24"><span class='ocrx_word' id='word_1_63' title='bbox 295 2043 329 2091; x_wconf 90' lang='lat' dir='ltr'><strong>a.</strong></span> <span class='ocrx_word' id='word_1_64' title='bbox 347 2019 527 2090; x_wconf 80' lang='lat' dir='ltr'><strong>Aornum</strong></span> <span class='ocrx_word' id='word_1_65' title='bbox 545 2038 793 2091; x_wconf 77' lang='lat' dir='ltr'><strong>nnsnuosum</strong></span> <span class='ocrx_word' id='word_1_66' title='bbox 807 2021 1003 2115; x_wconf 87' lang='lat' dir='ltr'><strong>praeparari</strong></span> <span class='ocrx_word' id='word_1_67' title='bbox 1021 2021 1118 2104; x_wconf 89' lang='lat' dir='ltr'><strong>solet,</strong></span> <span class='ocrx_word' id='word_1_68' title='bbox 1132 2019 1268 2095; x_wconf 84' lang='lat' dir='ltr'><strong>cobalto</strong></span> 
     </span>
     <span class='ocr_line' id='line_1_13' title="bbox 247 2135 1269 2234; baseline 0.003 -27"><span class='ocrx_word' id='word_1_69' title='bbox 247 2135 354 2209; x_wconf 81' lang='lat' dir='ltr'><strong>crudo</strong></span> <span class='ocrx_word' id='word_1_70' title='bbox 367 2137 550 2208; x_wconf 87' lang='lat' dir='ltr'><strong>torrendo:</strong></span> <span class='ocrx_word' id='word_1_71' title='bbox 567 2137 643 2209; x_wconf 88' lang='lat' dir='ltr'><strong>fieri</strong></span> <span class='ocrx_word' id='word_1_72' title='bbox 657 2160 795 2234; x_wconf 89' lang='lat' dir='ltr'><strong>quoque</strong></span> <span class='ocrx_word' id='word_1_73' title='bbox 807 2147 934 2231; x_wconf 83' lang='lat' dir='ltr'><strong>potest,</strong></span> <span class='ocrx_word' id='word_1_74' title='bbox 947 2159 1153 2211; x_wconf 74' lang='lat' dir='ltr'><strong>nnsnurco</strong></span> <span class='ocrx_word' id='word_1_75' title='bbox 1167 2164 1269 2210; x_wconf 89' lang='lat' dir='ltr'><strong>uren-</strong></span> 
     </span>
     <span class='ocr_line' id='line_1_14' title="bbox 248 2244 1270 2349; baseline 0.002 -23"><span class='ocrx_word' id='word_1_76' title='bbox 248 2254 303 2327; x_wconf 81' lang='lat' dir='ltr'><strong>de.</strong></span> <span class='ocrx_word' id='word_1_77' title='bbox 354 2253 531 2327; x_wconf 89' lang='lat' dir='ltr'><strong>Albidum</strong></span> <span class='ocrx_word' id='word_1_78' title='bbox 551 2264 615 2338; x_wconf 80' lang='lat' dir='ltr'><strong>eat,</strong></span> <span class='ocrx_word' id='word_1_79' title='bbox 640 2279 798 2349; x_wconf 86' lang='lat' dir='ltr'><strong>opaeum,</strong></span> <span class='ocrx_word' id='word_1_80' title='bbox 825 2244 1031 2333; x_wconf 83' lang='lat' dir='ltr'><strong>acerrimum</strong></span> <span class='ocrx_word' id='word_1_81' title='bbox 1056 2266 1093 2328; x_wconf 87' lang='lat' dir='ltr'><strong>et</strong></span> <span class='ocrx_word' id='word_1_82' title='bbox 1116 2255 1270 2328; x_wconf 88' lang='lat' dir='ltr'><strong>rodendo</strong></span> 
     </span>
     <span class='ocr_line' id='line_1_15' title="bbox 249 2366 1271 2468; baseline 0.003 -24"><span class='ocrx_word' id='word_1_83' title='bbox 249 2373 471 2468; x_wconf 81' lang='lat' dir='ltr'><strong>aptissimum</strong></span> <span class='ocrx_word' id='word_1_84' title='bbox 484 2366 631 2445; x_wconf 86' lang='lat' dir='ltr'><strong>:notare</strong></span> <span class='ocrx_word' id='word_1_85' title='bbox 644 2372 749 2444; x_wconf 86' lang='lat' dir='ltr'><strong>simul</strong></span> <span class='ocrx_word' id='word_1_86' title='bbox 762 2383 898 2467; x_wconf 82' lang='lat' dir='ltr'><strong>oportet</strong></span> <span class='ocrx_word' id='word_1_87' title='bbox 910 2373 979 2445; x_wconf 88' lang='lat' dir='ltr'><strong>vim</strong></span> <span class='ocrx_word' id='word_1_88' title='bbox 991 2372 1150 2458; x_wconf 82' lang='lat' dir='ltr'><strong>necandi,</strong></span> <span class='ocrx_word' id='word_1_89' title='bbox 1164 2398 1271 2468; x_wconf 89' lang='lat' dir='ltr'><strong>quam</strong></span> 
     </span>
     <span class='ocr_line' id='line_1_16' title="bbox 248 2490 1271 2585; baseline 0.003 -24"><span class='ocrx_word' id='word_1_90' title='bbox 248 2490 405 2575; x_wconf 86' lang='lat' dir='ltr'><strong>rodendi,</strong></span> <span class='ocrx_word' id='word_1_91' title='bbox 421 2490 535 2563; x_wconf 88' lang='lat' dir='ltr'><strong>multo</strong></span> <span class='ocrx_word' id='word_1_92' title='bbox 560 2494 725 2583; x_wconf 84' lang='lat' dir='ltr'><strong>majorem</strong></span> <span class='ocrx_word' id='word_1_93' title='bbox 747 2515 840 2563; x_wconf 85' lang='lat' dir='ltr'><strong>esse:</strong></span> <span class='ocrx_word' id='word_1_94' title='bbox 867 2491 988 2575; x_wconf 83' lang='lat' dir='ltr'><strong>calore,</strong></span> <span class='ocrx_word' id='word_1_95' title='bbox 1008 2515 1112 2585; x_wconf 88' lang='lat' dir='ltr'><strong>quem</strong></span> <span class='ocrx_word' id='word_1_96' title='bbox 1137 2492 1271 2564; x_wconf 89' lang='lat' dir='ltr'><strong>indicat</strong></span> 
     </span>
     <span class='ocr_line' id='line_1_17' title="bbox 249 2603 1271 2703; baseline -0.002 -23"><span class='ocrx_word' id='word_1_97' title='bbox 249 2608 380 2703; x_wconf 79' lang='lat' dir='ltr'><strong>gradus</strong></span> <span class='ocrx_word' id='word_1_98' title='bbox 400 2619 720 2679; x_wconf 71' lang='lat' dir='ltr'><strong>cccnxxnluTIUS</strong></span> <span class='ocrx_word' id='word_1_99' title='bbox 737 2606 964 2677; x_wconf 83' lang='lat' dir='ltr'><strong>instrumenti</strong></span> <span class='ocrx_word' id='word_1_100' title='bbox 990 2603 1271 2678; x_wconf 81' lang='lat' dir='ltr'><strong>Fahrenheiteni</strong></span> 
     </span>
     <span class='ocr_line' id='line_1_18' title="bbox 250 2721 1271 2816; baseline -0.002 -20"><span class='ocrx_word' id='word_1_101' title='bbox 250 2723 403 2806; x_wconf 89' lang='lat' dir='ltr'><strong>admoto,</strong></span> <span class='ocrx_word' id='word_1_102' title='bbox 430 2723 466 2793; x_wconf 91' lang='lat' dir='ltr'><strong>in</strong></span> <span class='ocrx_word' id='word_1_103' title='bbox 499 2744 660 2816; x_wconf 87' lang='lat' dir='ltr'><strong>vaporem</strong></span> <span class='ocrx_word' id='word_1_104' title='bbox 690 2723 905 2794; x_wconf 82' lang='lat' dir='ltr'><strong>convertitur</strong></span> <span class='ocrx_word' id='word_1_105' title='bbox 934 2721 1047 2793; x_wconf 84' lang='lat' dir='ltr'><strong>odoris</strong></span> <span class='ocrx_word' id='word_1_106' title='bbox 1071 2735 1271 2816; x_wconf 85' lang='lat' dir='ltr'><strong>expertem:</strong></span> 
     </span>
     <span class='ocr_line' id='line_1_19' title="bbox 249 2838 1273 2939; baseline -0.001 -27"><span class='ocrx_word' id='word_1_107' title='bbox 249 2840 386 2937; x_wconf 84' lang='lat' dir='ltr'><strong>pondus</strong></span> <span class='ocrx_word' id='word_1_108' title='bbox 402 2838 604 2939; x_wconf 70' lang='lat' dir='ltr'><strong>apecficum</strong></span> <span class='ocrx_word' id='word_1_109' title='bbox 616 2864 656 2912; x_wconf 91' lang='lat' dir='ltr'><strong>eo</strong></span> <span class='ocrx_word' id='word_1_110' title='bbox 666 2863 812 2912; x_wconf 87' lang='lat' dir='ltr'><strong>numero</strong></span> <span class='ocrx_word' id='word_1_111' title='bbox 823 2848 933 2912; x_wconf 86' lang='lat'><strong>5.000</strong></span> <span class='ocrx_word' id='word_1_112' title='bbox 942 2840 1143 2936; x_wconf 81' lang='lat' dir='ltr'><strong>insignitur.</strong></span> <span class='ocrx_word' id='word_1_113' title='bbox 1170 2840 1273 2926; x_wconf 87' lang='lat' dir='ltr'><strong>Quo-</strong></span> 
     </span>
     <span class='ocr_line' id='line_1_20' title="bbox 251 2955 1272 3056; baseline 0 -24"><span class='ocrx_word' id='word_1_114' title='bbox 251 2961 317 3032; x_wconf 87' lang='lat' dir='ltr'><strong>ties</strong></span> <span class='ocrx_word' id='word_1_115' title='bbox 341 2959 471 3056; x_wconf 80' lang='lat' dir='ltr'><strong>gradus</strong></span> <span class='ocrx_word' id='word_1_116' title='bbox 495 2982 613 3032; x_wconf 68' lang='lat' dir='ltr'><strong>uxrws</strong></span> <span class='ocrx_word' id='word_1_117' title='bbox 631 2959 859 3031; x_wconf 83' lang='lat' dir='ltr'><strong>instrumenti</strong></span> <span class='ocrx_word' id='word_1_118' title='bbox 877 2955 1158 3032; x_wconf 85' lang='lat' dir='ltr'><strong>Fahrenheitani</strong></span> <span class='ocrx_word' id='word_1_119' title='bbox 1182 2961 1272 3032; x_wconf 73' lang='lat' dir='ltr'><strong>aeris</strong></span> 
     </span>
     <span class='ocr_line' id='line_1_21' title="bbox 251 3076 1272 3174; baseline -0.001 -22"><span class='ocrx_word' id='word_1_120' title='bbox 251 3079 456 3174; x_wconf 88' lang='lat' dir='ltr'><strong>temperiem</strong></span> <span class='ocrx_word' id='word_1_121' title='bbox 472 3079 616 3163; x_wconf 82' lang='lat' dir='ltr'><strong>indicat,</strong></span> <span class='ocrx_word' id='word_1_122' title='bbox 639 3088 755 3173; x_wconf 90' lang='lat' dir='ltr'><strong>partes</strong></span> <span class='ocrx_word' id='word_1_123' title='bbox 773 3102 883 3173; x_wconf 87' lang='lat' dir='ltr'><strong>aquae</strong></span> <span class='ocrx_word' id='word_1_124' title='bbox 899 3076 1177 3172; x_wconf 79' lang='lat' dir='ltr'><strong>quadringentae</strong></span> <span class='ocrx_word' id='word_1_125' title='bbox 1192 3081 1272 3151; x_wconf 92' lang='lat' dir='ltr'><strong>uni-</strong></span> 
     </span>
     <span class='ocr_line' id='line_1_22' title="bbox 250 3192 1273 3290; baseline -0.001 -21"><span class='ocrx_word' id='word_1_126' title='bbox 250 3220 326 3269; x_wconf 83' lang='lat' dir='ltr'><strong>cam</strong></span> <span class='ocrx_word' id='word_1_127' title='bbox 343 3216 463 3268; x_wconf 72' lang='lat' dir='ltr'><strong>norm</strong></span> <span class='ocrx_word' id='word_1_128' title='bbox 480 3214 682 3275; x_wconf 78' lang='lat' dir='ltr'><strong>Ansnuosr</strong></span> <span class='ocrx_word' id='word_1_129' title='bbox 699 3204 835 3289; x_wconf 87' lang='lat' dir='ltr'><strong>partem</strong></span> <span class='ocrx_word' id='word_1_130' title='bbox 851 3192 1066 3265; x_wconf 86' lang='lat' dir='ltr'><strong>dissolvunt:</strong></span> <span class='ocrx_word' id='word_1_131' title='bbox 1088 3217 1199 3290; x_wconf 86' lang='lat' dir='ltr'><strong>aquae</strong></span> <span class='ocrx_word' id='word_1_132' title='bbox 1212 3220 1273 3268; x_wconf 88' lang='lat' dir='ltr'><strong>au-</strong></span> 
     </span>
     <span class='ocr_line' id='line_1_23' title="bbox 252 3310 1271 3406; baseline -0.001 -23"><span class='ocrx_word' id='word_1_133' title='bbox 252 3324 325 3385; x_wconf 88' lang='lat' dir='ltr'><strong>tem</strong></span> <span class='ocrx_word' id='word_1_134' title='bbox 342 3311 524 3383; x_wconf 90' lang='lat' dir='ltr'><strong>bullientis</strong></span> <span class='ocrx_word' id='word_1_135' title='bbox 540 3322 656 3406; x_wconf 85' lang='lat' dir='ltr'><strong>partes</strong></span> <span class='ocrx_word' id='word_1_136' title='bbox 677 3310 843 3382; x_wconf 85' lang='lat' dir='ltr'><strong>tredecim</strong></span> <span class='ocrx_word' id='word_1_137' title='bbox 870 3334 976 3382; x_wconf 87' lang='lat' dir='ltr'><strong>unam</strong></span> <span class='ocrx_word' id='word_1_138' title='bbox 995 3310 1125 3383; x_wconf 84' lang='lat' dir='ltr'><strong>solvere</strong></span> <span class='ocrx_word' id='word_1_139' title='bbox 1143 3312 1271 3385; x_wconf 86' lang='lat' dir='ltr'><strong>valent.</strong></span> 
     </span>
     <span class='ocr_line' id='line_1_24' title="bbox 210 3425 1272 3522; baseline -0.005 -19"><span class='ocrx_word' id='word_1_140' title='bbox 210 3452 213 3459; x_wconf 86' lang='lat'>·</span> <span class='ocrx_word' id='word_1_141' title='bbox 251 3425 458 3511; x_wconf 71' lang='lat' dir='ltr'><strong>Aualites,</strong></span> <span class='ocrx_word' id='word_1_142' title='bbox 475 3429 587 3512; x_wconf 81' lang='lat' dir='ltr'><strong>terris,</strong></span> <span class='ocrx_word' id='word_1_143' title='bbox 604 3425 795 3522; x_wconf 69' lang='lat' dir='ltr'><strong>ooeiquue</strong></span> <span class='ocrx_word' id='word_1_144' title='bbox 811 3426 1035 3499; x_wconf 87' lang='lat' dir='ltr'><strong>metallorum</strong></span> <span class='ocrx_word' id='word_1_145' title='bbox 1060 3452 1140 3499; x_wconf 84' lang='lat' dir='ltr'><strong>cum</strong></span> <span class='ocrx_word' id='word_1_146' title='bbox 1162 3452 1203 3499; x_wconf 93' lang='lat' dir='ltr'><strong>eo</strong></span> <span class='ocrx_word' id='word_1_147' title='bbox 1220 3453 1272 3498; x_wconf 91' lang='lat' dir='ltr'><strong>so·</strong></span> 
     </span>
     <span class='ocr_line' id='line_1_25' title="bbox 251 3542 1204 3639; baseline -0.008 -18"><span class='ocrx_word' id='word_1_148' title='bbox 251 3544 362 3630; x_wconf 83' lang='lat' dir='ltr'><strong>tiatia,</strong></span> <span class='ocrx_word' id='word_1_149' title='bbox 379 3546 472 3618; x_wconf 90' lang='lat' dir='ltr'><strong>fiunt</strong></span> <span class='ocrx_word' id='word_1_150' title='bbox 489 3543 712 3629; x_wconf 73' lang='lat' dir='ltr'><strong>salee&#39;medii,</strong></span> <span class='ocrx_word' id='word_1_151' title='bbox 730 3544 791 3639; x_wconf 89' lang='lat' dir='ltr'><strong>qui</strong></span> <span class='ocrx_word' id='word_1_152' title='bbox 808 3542 1011 3617; x_wconf 67' lang='lat' dir='ltr'><strong>Artemiten</strong></span> <span class='ocrx_word' id='word_1_153' title='bbox 1027 3554 1204 3617; x_wconf 83' lang='lat' dir='ltr'><strong>vocantur.</strong></span> 
     </span>
    </p>

    <p class='ocr_par' dir='ltr' id='par_1_8' title="bbox 249 3659 1279 4231">
     <span class='ocr_line' id='line_1_26' title="bbox 302 3659 1275 3758; baseline -0.002 -23"><span class='ocrx_word' id='word_1_154' title='bbox 302 3661 334 3735; x_wconf 79' lang='lat' dir='ltr'><strong>b.</strong></span> <span class='ocrx_word' id='word_1_155' title='bbox 360 3663 540 3736; x_wconf 78' lang='lat' dir='ltr'><strong>Aornum</strong></span> <span class='ocrx_word' id='word_1_156' title='bbox 557 3668 803 3737; x_wconf 73' lang='lat' dir='ltr'><strong>Ansnurcum</strong></span> <span class='ocrx_word' id='word_1_157' title='bbox 827 3670 1063 3758; x_wconf 88' lang='lat' dir='ltr'><strong>praeparatur,</strong></span> <span class='ocrx_word' id='word_1_158' title='bbox 1089 3659 1195 3734; x_wconf 81' lang='lat' dir='ltr'><strong>acide</strong></span> <span class='ocrx_word' id='word_1_159' title='bbox 1211 3679 1275 3733; x_wconf 83' lang='lat' dir='ltr'><strong>ar-</strong></span> 
     </span>
     <span class='ocr_line' id='line_1_27' title="bbox 253 3780 1275 3878; baseline -0.003 -23"><span class='ocrx_word' id='word_1_160' title='bbox 253 3802 380 3855; x_wconf 77' lang='lat' dir='ltr'><strong>aeuoao</strong></span> <span class='ocrx_word' id='word_1_161' title='bbox 393 3783 522 3855; x_wconf 83' lang='lat' dir='ltr'><strong>actioni</strong></span> <span class='ocrx_word' id='word_1_162' title='bbox 540 3780 639 3854; x_wconf 83' lang='lat' dir='ltr'><strong>acidi</strong></span> <span class='ocrx_word' id='word_1_163' title='bbox 655 3781 779 3871; x_wconf 67' lang='lat' dir='ltr'><strong>uitrici</strong></span> <span class='ocrx_word' id='word_1_164' title='bbox 795 3783 950 3875; x_wconf 84' lang='lat' dir='ltr'><strong>objecto:</strong></span> <span class='ocrx_word' id='word_1_165' title='bbox 975 3802 1044 3875; x_wconf 87' lang='lat' dir='ltr'><strong>quo</strong></span> <span class='ocrx_word' id='word_1_166' title='bbox 1059 3780 1112 3865; x_wconf 89' lang='lat' dir='ltr'><strong>fit,</strong></span> <span class='ocrx_word' id='word_1_167' title='bbox 1126 3790 1167 3853; x_wconf 90' lang='lat' dir='ltr'><strong>ut</strong></span> <span class='ocrx_word' id='word_1_168' title='bbox 1183 3803 1275 3878; x_wconf 69' lang='lat' dir='ltr'><strong><em>oxy-</em></strong></span> 
     </span>
     <span class='ocr_line' id='line_1_28' title="bbox 249 3895 1277 3997; baseline -0.001 -24"><span class='ocrx_word' id='word_1_169' title='bbox 249 3899 356 3996; x_wconf 77' lang='lat' dir='ltr'><strong>genii</strong></span> <span class='ocrx_word' id='word_1_170' title='bbox 377 3898 475 3994; x_wconf 86' lang='lat' dir='ltr'><strong>eopia</strong></span> <span class='ocrx_word' id='word_1_171' title='bbox 492 3901 615 3995; x_wconf 88' lang='lat' dir='ltr'><strong>maj0ri</strong></span> <span class='ocrx_word' id='word_1_172' title='bbox 632 3901 830 3973; x_wconf 89' lang='lat' dir='ltr'><strong>imbuatur:</strong></span> <span class='ocrx_word' id='word_1_173' title='bbox 861 3895 998 3994; x_wconf 87' lang='lat' dir='ltr'><strong>pondus</strong></span> <span class='ocrx_word' id='word_1_174' title='bbox 1014 3895 1219 3997; x_wconf 66' lang='lat' dir='ltr'><strong>specificam</strong></span> <span class='ocrx_word' id='word_1_175' title='bbox 1236 3922 1277 3972; x_wconf 90' lang='lat' dir='ltr'><strong>eo</strong></span> 
     </span>
     <span class='ocr_line' id='line_1_29' title="bbox 256 4014 1279 4096; baseline -0.002 -7"><span class='ocrx_word' id='word_1_176' title='bbox 256 4040 402 4089; x_wconf 89' lang='lat' dir='ltr'><strong>numero</strong></span> <span class='ocrx_word' id='word_1_177' title='bbox 420 4023 528 4096; x_wconf 67' lang='lat'><strong>3391</strong></span> <span class='ocrx_word' id='word_1_178' title='bbox 546 4015 741 4090; x_wconf 86' lang='lat' dir='ltr'><strong>indicatur:</strong></span> <span class='ocrx_word' id='word_1_179' title='bbox 765 4014 972 4090; x_wconf 80' lang='lat' dir='ltr'><strong>calefactum</strong></span> <span class='ocrx_word' id='word_1_180' title='bbox 984 4039 1056 4088; x_wconf 87' lang='lat' dir='ltr'><strong>non</strong></span> <span class='ocrx_word' id='word_1_181' title='bbox 1074 4016 1112 4088; x_wconf 91' lang='lat' dir='ltr'><strong>in</strong></span> <span class='ocrx_word' id='word_1_182' title='bbox 1129 4015 1279 4089; x_wconf 85' lang='lat' dir='ltr'><strong>sublime</strong></span> 
     </span>
     <span class='ocr_line' id='line_1_30' title="bbox 257 4128 1279 4231; baseline -0.005 -26"><span class='ocrx_word' id='word_1_183' title='bbox 257 4133 391 4220; x_wconf 60' lang='lat' dir='ltr'><strong>fertum</strong></span> <span class='ocrx_word' id='word_1_184' title='bbox 420 4144 457 4207; x_wconf 86' lang='lat' dir='ltr'><strong>at</strong></span> <span class='ocrx_word' id='word_1_185' title='bbox 481 4128 676 4231; x_wconf 75' lang='lat' dir='ltr'><strong>liquescens</strong></span> <span class='ocrx_word' id='word_1_186' title='bbox 699 4136 739 4207; x_wconf 92' lang='lat' dir='ltr'><strong>in</strong></span> <span class='ocrx_word' id='word_1_187' title='bbox 765 4135 897 4207; x_wconf 85' lang='lat' dir='ltr'><strong>vitrum</strong></span> <span class='ocrx_word' id='word_1_188' title='bbox 923 4134 1093 4207; x_wconf 80' lang='lat' dir='ltr'><strong>vertitur:</strong></span> <span class='ocrx_word' id='word_1_189' title='bbox 1120 4156 1165 4203; x_wconf 84' lang='lat' dir='ltr'><strong>ex</strong></span> <span class='ocrx_word' id='word_1_190' title='bbox 1184 4130 1279 4203; x_wconf 79' lang='lat' dir='ltr'><strong>facili</strong></span> 
     </span>
    </p>
   </div>
   <div class='ocr_carea' id='block_1_5' title="bbox 255 4248 1280 4438">
    <p class='ocr_par' dir='ltr' id='par_1_9' title="bbox 255 4248 1280 4438">
     <span class='ocr_line' id='line_1_31' title="bbox 255 4248 1280 4367; baseline -0.006 -43"><span class='ocrx_word' id='word_1_191' title='bbox 255 4253 299 4324; x_wconf 89' lang='lat' dir='ltr'><strong>ab</strong></span> <span class='ocrx_word' id='word_1_192' title='bbox 316 4258 408 4347; x_wconf 80' lang='lat' dir='ltr'><strong>aqua</strong></span> <span class='ocrx_word' id='word_1_193' title='bbox 426 4251 581 4326; x_wconf 77' lang='lat' dir='ltr'><strong>solvitur.</strong></span> <span class='ocrx_word' id='word_1_194' title='bbox 634 4249 839 4363; x_wconf 75' lang='lat' dir='ltr'><strong>Alcalibua,</strong></span> <span class='ocrx_word' id='word_1_195' title='bbox 870 4252 970 4326; x_wconf 84' lang='lat' dir='ltr'><strong>terris</strong></span> <span class='ocrx_word' id='word_1_196' title='bbox 996 4262 1033 4322; x_wconf 91' lang='lat' dir='ltr'><strong>et</strong></span> <span class='ocrx_word' id='word_1_197' title='bbox 1057 4248 1280 4367; x_wconf 86' lang='lat' dir='ltr'><strong>metallorum</strong></span> 
     </span>
     <span class='ocr_line' id='line_1_32' title="bbox 980 4387 1010 4438; baseline 0 0"><span class='ocrx_word' id='word_1_198' title='bbox 980 4387 1010 4438; x_wconf 78' lang='lat' dir='ltr'>N</span> 
     </span>
    </p>
   </div>
   <div class='ocr_carea' id='block_1_6' title="bbox 0 0 1686 5188">
    <p class='ocr_par' dir='ltr' id='par_1_10' title="bbox 0 0 1686 5188">
     <span class='ocr_line' id='line_1_33' title="bbox 0 0 1686 5188; baseline 0 0"><span class='ocrx_word' id='word_1_199' title='bbox 0 0 1686 5188; x_wconf 95' lang='lat' dir='ltr'><strong> </strong></span> 
     </span>
    </p>
   </div>
  </div>
 </body>
</html>
