3276 5194
375 510 447 578 288
640 519 696 570 nn
715 514 968 569 1111111010
986 511 1130 565 urano,

373 710 483 794 atque
497 695 678 780 celerrimi,
704 694 842 766 animae
859 688 1030 773 defecti03
1057 685 1201 760 taudem
1219 692 1394 769 veternus,

375 838 561 890 nervorum
577 812 819 895 distentiones,
837 818 875 881 et
891 808 1033 882 sudores
1048 803 1170 902 gelidi,
1192 804 1232 900 in
1248 811 1397 875 mortem

375 936 488 1030 ipsam
505 933 654 1006 abitura.
1035 936 1038 943 ¹

427 1051 595 1125 Oamn
610 1073 674 1122 nos
691 1046 831 1120 edocuit
847 1043 913 1118 hoc
925 1067 1099 1118 venenum
1114 1064 1252 1114 summo
1268 1039 1401 1135 corpori

377 1169 561 1241 admotum
579 1163 783 1254 (dummodo
800 1165 834 1236 ei
849 1163 942 1260 parti
966 1158 1127 1235 coticula
1149 1159 1246 1254 prius
1262 1156 1401 1251 direpta

378 1285 513 1381 fuerit),
535 1284 658 1356 eadem
675 1282 746 1356 fere
772 1280 866 1353 mala
891 1302 1068 1353 arcessere.
1107 1275 1400 1348 ETMULLERUS

380 1403 573 1488 contendit,
599 1402 771 1475 vomitum
806 1401 850 1473 ab
882 1424 923 1471 eo
957 1398 1073 1485 ventri
1106 1394 1267 1468 adhibito
1294 1394 1401 1465 nasci.

381 1521 605 1609 Quinetiam,
634 1529 758 1616 gentes
787 1516 979 1591 nonnullae
1003 1515 1125 1588 eodem
1151 1513 1298 1609 sagittas
1323 1512 1403 1583 infi-

381 1664 457 1714 cere
483 1648 705 1722 eousuerunt,
731 1662 801 1732 quo
826 1637 1006 1709 certiorem
1033 1645 1069 1705 et
1098 1656 1255 1728 ocyorem
1280 1654 1400 1705 necem

382 1757 543 1833 hostibus
561 1757 800 1831 adsciscerent.

432 1895 547 1967 Hisce
563 1895 762 1990 perspectis,
785 1894 846 1964 vix
863 1891 1025 1965 dubitare
1042 1892 1135 1976 licet,
1162 1891 1248 1986 quin
1275 1911 1403 1963 vulta-

384 2033 456 2085 um
475 2031 573 2083 1111
590 2010 692 2082 radix
708 2023 838 2096 vorata,
865 2011 921 2083 vel
937 2011 1101 2083 exteriori
1117 2011 1209 2107 parti
1226 2010 1402 2105 imposita,

384 2130 619 2213 absorbeatur,
645 2129 884 2224 sanguineque
905 2129 1169 2220 circumfluente
1194 2129 1405 2212 miscentem

385 2245 563 2340 hujusque
579 2244 785 2328 ministerio,
801 2245 922 2340 generi
939 2269 1082 2318 nervoso
1100 2245 1290 2318 exitiabilis
1307 2246 1379 2318 fiat.

435 2363 500 2435 De
516 2364 626 2459 siguis
644 2362 809 2435 cadavere
824 2364 1036 2459 introspecto
1052 2363 1246 2459 patefactis,
1273 2375 1336 2436 aut
1352 2389 1406 2436 ra·

387 2484 484 2556 tione
496 2482 623 2553 veneni
635 2479 835 2577 detegendi,
848 2479 940 2552 nihil
953 2480 1024 2554 fere
1037 2504 1098 2577 pro
1113 2493 1299 2577 comperto,
1313 2485 1406 2578 qnod

387 2598 569 2699 proferam,
585 2598 706 2673 habeo.

438 2721 550 2819 Aqua
574 2719 665 2795 nido
680 2719 851 2819 cynipdic
877 2717 1030 2818 (gallis)
1049 2725 1245 2809 saturrima,
1264 2724 1406 2797 caeteris

387 2840 551 2914 remediis
568 2838 780 2937 praepollere
797 2838 917 2911 fertur.

396 3147 556 3211 CCCIII.
588 3144 827 3222 QUAEDAM
849 3143 915 3213 DE
938 3144 1225 3209 HELLEBORO
1248 3146 1409 3211 NIGRO.

443 3325 668 3403 Helleboros
683 3323 800 3424 niger
812 3325 906 3423 apud
917 3326 1065 3399 Montes
1075 3327 1299 3423 Apenninos‚
1311 3326 1411 3401 alias

392 3472 460 3544 que
489 3445 656 3542 Europae
674 3442 853 3516 Australis
869 3452 996 3539 partes,
1022 3446 1129 3539 viget.
1187 3445 1412 3520 Llnnnuos

391 3590 474 3639 cum
490 3562 615 3638 retulit
632 3560 881 3633 adorassem
894 3561 1195 3648 Ponrnronam,
1214 3583 1411 3635 1111111111

392 3685 666 3764 Pomorum,
680 3678 948 3774 cantuumque
966 3700 1232 3752 menusanum
1248 3679 1412 3753 Moum-

394 3820 603 3878 sruounn.
652 3792 786 3867 Radici
802 3799 878 3891 ejus
894 3795 1024 3868 insidet
1048 3796 1199 3868 facultas
1222 3795 1413 3868 medicina-

391 3916 447 4000 lis,
463 3915 611 4009 ideoque
627 3911 850 4000 venenifera3
868 3913 952 3987 odor
970 3913 1133 3998 foetidus,
1152 3939 1322 4011 saporque
1337 3940 1416 4011 per-

394 4056 500 4132 quam
529 4055 668 4104 amarus
697 4041 804 4127 atque
832 4056 919 4120 acer,
936 4032 968 4104 ei
998 4034 1220 4132 contingunt.
1281 4032 1416 4108 Omnia

395 4179 485 4252 quae
506 4151 765 4223 devenerim
782 4170 893 4222 anuo
909 4151 1117 4253 praedicari,
1145 4152 1190 4225 ad
1214 4150 1306 4226 hanc
1331 4178 1417 4250 quo-
