3326 5302
766 549 1079 604 HYDROPHOBIA.

679 822 782 887 XIX.
807 823 1167 886 HYDROPHOBIA.

465 986 856 1078 nurnine-Post
872 1030 1026 1078 morsum
1039 1009 1083 1078 ab
1097 1006 1241 1078 animali
1258 1007 1380 1079 rabido
1396 1008 1438 1079 il-

413 1111 539 1209 latum,
557 1116 666 1209 serius
683 1149 797 1218 ocyus,
811 1124 920 1195 animi
936 1123 1086 1219 languor
1102 1135 1139 1195 et
1155 1148 1312 1196 moeror:
1338 1124 1437 1196 dein-

412 1242 468 1327 de,
487 1242 667 1339 pyremio,
696 1242 835 1325 doloris,
861 1241 991 1314 ardoris
1021 1255 1057 1315 et
1083 1243 1221 1337 angoris
1247 1267 1368 1314 sensus
1391 1243 1437 1317 ad

413 1359 531 1434 fauces
560 1361 716 1432 relatus:
755 1360 901 1456 liquoris
931 1360 1118 1454 cujuslibet
1147 1360 1342 1445 fastidium,
1376 1363 1437 1456 qui

413 1489 627 1574 conspectus,
658 1480 784 1579 agitari
811 1477 964 1563 auditus,
982 1479 1038 1549 vel
1064 1480 1114 1549 ori
1140 1477 1331 1563 adhibitus,
1358 1504 1437 1550 eon-

412 1595 607 1668 vulsionem
636 1594 855 1695 plarpngls
882 1595 1160 1668 dolentissimam
1186 1607 1326 1668 movet:
1362 1620 1437 1667 sen-

413 1739 472 1786 sus
488 1725 627 1809 praeter
644 1725 808 1785 naturam
826 1714 932 1797 acuti,
959 1714 1046 1783 citra
1071 1713 1263 1784 delirium:
1294 1713 1437 1785 demum

414 1831 524 1902 totius
542 1832 691 1923 corporis
709 1829 887 1901 convulsio
904 1830 1176 1924 strangulatum.

767 2052 771 2058 ·
870 2056 982 2098 arcun.

455 2147 534 2206 Pars
548 2163 651 2204 morsa
664 2141 767 2225 primo
782 2140 911 2203 sanescit
924 2166 932 2215 ;
958 2141 1029 2203 dein
1043 2143 1140 2204 serius
1149 2165 1257 2228 ocyus,
1268 2143 1362 2205 modo
1377 2143 1441 2205 die-

410 2251 471 2313 bus
485 2249 604 2334 paucis,
621 2247 697 2310 alias
711 2246 916 2310 hebdomadis
930 2249 1038 2324 multis
1053 2250 1179 2326 exactis,
1193 2271 1249 2311 sua
1264 2260 1374 2334 sponte
1389 2272 1441 2311 ru-

411 2354 466 2415 bet
481 2363 514 2414 et
528 2351 632 2414 dolet:
657 2351 757 2427 dolor,
777 2349 870 2412 ardor
886 2362 917 2413 et
931 2353 1074 2436 pruritus
1088 2376 1105 2414 e
1119 2365 1210 2438 parte
1224 2374 1326 2415 morsa
1340 2353 1441 2439 exorsi

409 2458 451 2520 ad
465 2479 540 2520 vasa
554 2456 745 2542 lestnpdotieo
767 2455 911 2539 proxima
933 2455 1098 2519 feruntur:
1123 2479 1178 2520 nec
1200 2457 1302 2519 multo
1322 2468 1440 2542 postea,

410 2564 499 2648 signa
512 2560 700 2624 valetudinis
714 2560 860 2625 turbatae
874 2572 1055 2623 nascuntur.
1100 2564 1167 2643 Nec
1182 2585 1257 2625 vero
1271 2574 1363 2636 notae
1373 2563 1387 2647 j

412 2667 514 2730 dictae
528 2678 699 2752 perpetuae
715 2676 797 2728 sunt.

455 2775 595 2837 Demum
618 2772 713 2832 homo
735 2771 831 2832 tristis
851 2771 1054 2856 animumque
1073 2773 1226 2835 demissus
1249 2796 1322 2835 suos
1344 2772 1440 2858 fugit,

411 2879 496 2943 cibos
522 2875 665 2943 fastidire
689 2876 815 2959 coepit,
846 2888 941 2939 noctu
969 2877 1089 2961 vigilat,
1121 2899 1344 2962 summumque
1373 2877 1438 2941 lan-

412 3002 543 3066 guorem
558 2992 654 3064 atque
668 2979 841 3045 molestiam
857 2981 1068 3066 conqueritur.

457 3086 601 3150 Tandem
624 3087 713 3172 signa
734 3086 855 3172 generis
881 3087 1003 3148 nervosi
1026 3109 1122 3171 qnam
1145 3087 1279 3151 maxime
1298 3090 1443 3152 concitati

412 3191 573 3255 accedunt.
591 3248 595 3256 .
619 3191 736 3256 Oculos
750 3192 868 3268 lumen,
885 3213 978 3254 sonus
994 3213 1095 3268 aures,
1114 3192 1253 3256 offendit.
1298 3194 1443 3280 Pupillae

411 3308 534 3383 praeter
559 3286 714 3373 naturam,
741 3297 811 3358 luce
833 3295 970 3375 admota,
993 3309 1198 3381 coarctantur.
1245 3299 1361 3362 Vultus
1377 3312 1442 3363 tur-

406 3414 464 3489 get
479 3414 510 3464 et
525 3402 681 3465 rubescit:
705 3402 788 3465 oculi
809 3401 897 3465 rutili
917 3404 1037 3467 nitent:
1063 3404 1129 3467 sitis
1144 3416 1271 3488 torquet
1285 3404 1445 3490 impatibi-
1503 3458 1508 3463 .

411 3510 470 3572 lis:
495 3508 581 3594 quod
597 3508 622 3571 si
637 3528 729 3593 aeger
743 3530 859 3593 aquam
873 3509 1009 3572 aliumve
1023 3510 1176 3592 liquorem
1191 3510 1352 3594 conspicit,
1373 3533 1443 3574 exa-

413 3615 544 3697 gitatam
559 3610 660 3690 audit,
677 3612 726 3674 vel
741 3613 858 3696 glutire
871 3613 1005 3685 nititur.;
1029 3625 1186 3689 momento
1207 3614 1357 3699 temporis
1372 3636 1442 3677 oon-

410 3718 512 3780 vulsio
525 3719 594 3780 dira
602 3719 792 3804 plmryngis
806 3730 837 3781 et
852 3719 945 3802 gulae
959 3719 1054 3780 fibras
1070 3730 1207 3803 torquet,
1231 3721 1388 3806 miserque
1403 3722 1441 3784 si-

413 3823 480 3885 mul
494 3824 535 3886 ab
549 3824 670 3908 liquore
692 3822 847 3886 abhorret.
893 3824 939 3887 Os
954 3824 1051 3886 saliva
1067 3837 1181 3889 scatet:
1207 3827 1370 3890 mordendi
1390 3850 1443 3893 cu-

413 3928 528 4014 piditas
542 3930 607 3993 fere
621 3941 750 3992 exercet.
792 3933 905 4014 Angor
916 3929 970 3992 vix
985 3931 1124 4015 patibilis
1138 3933 1278 3997 faucium
1293 3945 1325 3997 et
1338 3946 1443 4020 pecto

413 4033 456 4096 ris
471 4046 584 4096 vexat:
608 4033 761 4118 dolorque
785 4056 875 4118 saepe
899 4036 932 4097 in
954 4058 988 4097 os
1010 4038 1143 4121 pectoris
1164 4039 1264 4101 imum
1279 4040 1442 4104 incumbit.

414 4142 478 4204 Cor
493 4136 663 4201 admodum
678 4135 830 4221 palpitat:
855 4138 984 4201 arteriae
1002 4140 1140 4202 crebrius
1155 4153 1186 4204 et
1201 4142 1322 4220 durius,
1345 4166 1442 4227 quam

411 4245 472 4307 fert
498 4255 620 4320 natura,
643 4252 817 4304 moventur.
877 4242 1030 4327 Spiritum
1052 4266 1218 4307 nervorum
1243 4246 1446 4317 distentiones
