3342 5208
386 522 458 592 110
558 537 822 594 vameocnnu
841 536 982 596 Areua*
1000 538 1243 592 emeoerenn.

637 821 640 825 ’
664 808 814 875 CXXX.
839 804 1124 873 SARCOCELE.

446 992 492 1056 N.
502 990 770 1058 n-Sarcooena
781 987 909 1051 definire
922 1006 985 1050 non
999 987 1032 1050 in
1047 985 1150 1051 animo
1164 999 1229 1050 est:
1253 988 1311 1049 hac
1325 988 1406 1051 enim

533 1117 608 1161 voee
622 1093 733 1159 medici
748 1093 808 1170 nsi,
830 1093 908 1155 alios
929 1088 992 1170 alii,
1016 1113 1107 1155 suum
1123 1092 1267 1179 quisque,
1283 1093 1407 1156 morbos

532 1193 695 1287 designare
715 1198 835 1263 volunt.
885 1197 1022 1276 Quidam
1043 1220 1082 1260 ea
1101 1209 1246 1275 utuntur,
1269 1197 1310 1259 ad
1331 1200 1408 1261 neir-

531 1304 625 1367 rlum
639 1304 744 1395 ipsum
758 1301 893 1364 testiculi
908 1300 1163 1387 significandum:
1185 1312 1217 1363 at
1232 1322 1405 1386 perperam,

532 1430 583 1472 me
601 1408 717 1497 judiee.
763 1410 871 1487 Quum
885 1429 961 1471 vero
981 1408 1142 1494 permagni
1169 1407 1244 1469 artis
1257 1407 1407 1495 *medicae

530 1516 677 1580 interesse
691 1514 768 1578 mihi
784 1514 920 1592 videtur,
943 1513 1093 1599 quodque
1113 1535 1225 1576 nomen
1247 1535 1312 1576 rem
1338 1515 1407 1576 uni-

530 1642 598 1687 cam
612 1633 853 1710 repraesentare,
868 1622 950 1687 hane
964 1644 1087 1700 vocem,
1105 1628 1126 1661 “
1138 1623 1326 1700 serenate?
1345 1644 1408 1685 non
1435 1634 1437 1637 ’

531 1729 592 1791 nisi
606 1752 643 1791 ea
656 1751 770 1814 genera
792 1731 986 1805 earcmnntia
1010 1751 1092 1814 quae
1117 1728 1278 1792 testiculus
1302 1728 1406 1792 subire

531 1844 646 1916 potest,
661 1833 796 1895 indicare
811 1833 891 1895 volo.
938 1833 1032 1915 (Vide
1049 1836 1223 1923 Sandone,
1240 1838 1342 1917 cerv.)

426 2122 597 2190 CXXXI.
622 2122 922 2188 VARICOCELE
940 2136 1054 2191 areum
1072 2122 1346 2189 CIRCOCELE.

434 2308 671 2383 Durrumro
689 2305 1177 2382 marcomede-Venae
1192 2308 1296 2381 scroti
1315 2310 1403 2380 vari-

384 2450 423 2503 ce
439 2417 681 2523 amplificatae.

432 2544 669 2618 Dnmnmro
688 2541 1137 2616 &nonomen-Venae
1162 2542 1403 2638 spermatum

383 2666 495 2737 varice
512 2661 753 2758 amplificatae.

445 2779 489 2842 N.
501 2779 677 2841 B.-Haee
691 2773 757 2840 duo
767 2776 845 2840 vitia
859 2799 950 2862 eeepe
963 2787 1171 2840 eoneurrunt:
1195 2798 1252 2839 nee
1263 2799 1333 2840 raro
1344 2800 1406 2840 me-

530 2883 604 2958 dici,
626 2881 715 2943 nullo
736 2882 913 2947 discrimine
933 2881 1052 2957 habito,
1067 2880 1123 2942 has
1139 2902 1228 2942 voces
1243 2881 1404 2959 adhibent,

530 2985 571 3048 ad
586 2984 669 3046 idem
685 2984 803 3046 malum
817 2983 1053 3068 designandum.

425 3184 534 3245 S1eun
549 3190 622 3243 sunt
638 3199 745 3241 sensus
758 3176 904 3262 ponderis
918 3176 958 3240 ad
974 3187 1111 3240 scrotum
1121 3162 1153 3241 et
1167 3167 1345 3242 testie'ulum
1359 3201 1405 3244 re-

379 3285 479 3353 latus:
504 3299 610 3350 tumor
633 3285 735 3348 durna
759 3295 791 3347 et
815 3283 996 3370 inaequalis,
1023 3284 1113 3349 initio
1138 3284 1252 3349 doloris
1273 3309 1410 3373 expers3,

295 3426 297 3428 v
379 3392 505 3457 tandem
528 3390 616 3455 dolor
638 3389 679 3455 ad
700 3390 827 3454 dorsum
842 3389 967 3454 lumbos
980 3402 1076 3477 atque
1089 3391 1193 3455 femur
1207 3393 1402 3457 transiturus.

380 3497 507 3565 Praeter
521 3500 608 3579 haee,
624 3510 739 3575 tumor,
754 3496 841 3561 haud
856 3518 944 3563 secus
956 3509 1052 3582 atque
1063 3498 1174 3565 lania
1184 3499 1347 3578 oriundus,
1358 3499 1406 3564 fa¹¹

379 3603 436 3671 dle
449 3615 605 3681 movetur,
620 3603 700 3672 tussi
713 3613 746 3669 et
760 3600 942 3688 inspirando
956 3601 1135 3686 amplietur,
1150 3622 1278 3687 corpore
1293 3603 1405 3690 supino
1468 3612 1471 3616 ’

375 3722 410 3774 et
424 3711 537 3796 spiritu
551 3711 664 3790 emisso
678 3709 890 3783 contrahitum
914 3729 1044 3783 necnon,
1057 3728 1152 3771 manu
1167 3729 1291 3775 sursum
1306 3721 1337 3777 et
1352 3733 1404 3778 ex-

378 3827 514 3878 trorsum
528 3838 602 3879 eum
616 3813 804 3900 impellente,
819 3810 1013 3897 aliquamdiu
1026 3833 1105 3896 pene
1120 3814 1281 3876 evanescit.
1310 3815 1403 3894 Quod

378 3919 417 3996 si,
436 3919 496 3985 hoc
514 3919 608 3996 facto,
631 3918 771 3985 medicus
786 3917 922 4004 digitum
937 3915 1053 3979 annulo
1068 3917 1212 3980 exteriori
1227 3919 1341 3985 canalis
1354 3923 1403 3984 in-

373 4025 521 4113 guinalis
543 4023 699 4100 admovet,
722 4037 827 4084 tumor
849 4044 923 4085 mox
939 4044 995 4085 sua
1010 4033 1120 4109 sponte
1140 4026 1403 4105 revertitur,‘n0n

378 4127 522 4192 obstante
549 4118 670 4213 digito3
695 4139 725 4190 et
747 4127 820 4190 inde
842 4126 931 4191 facile
953 4127 993 4192 ab
1008 4128 1137 4192 Heraia
1158 4132 1321 4217 iugninuli
1336 4132 1404 4223 dig.

376 4235 531 4331 noseitur:
557 4233 675 4319 digitus
690 4233 772 4297 enim
787 4233 902 4296 annulo
911 4234 978 4320 jam
994 4234 1079 4298 dieto
1089 4236 1263 4321 impositus,
1275 4238 1332 4301 etsi
1344 4240 1404 4303 ris-
