3326 5188
481 542 576 597 rosn
596 540 777 595 mouture
797 538 1068 605 nnuncursnm
1211 523 1282 596 199

262 701 485 812 ωηὶίοἰωτ),’
498 740 579 790 cum
596 741 668 789 una
683 726 783 810 purte
804 705 957 809 pulveris
981 713 1133 809 suspecti
1157 712 1283 783 mistae

265 839 353 910 tubo
369 837 480 915 vitreo
494 844 575 908 octo
590 833 732 929 pollices
748 832 854 927 longo
880 842 917 903 et
940 830 1126 903 dimidiam
1148 837 1284 925 partem

267 954 402 1050 pollicis
418 950 502 1037 lato,
518 952 664 1044 lutoque
681 949 776 1045 apud
788 950 899 1021 imam
915 957 1052 1044 partem
1069 949 1219 1032 obtecto,
1229 947 1284 1019 iu-

269 1072 420 1156 dantur3
448 1047 624 1164 tubdsque
650 1067 779 1140 deinde
807 1067 1172 1170 prunisimponatuu
1200 1090 1286 1162 qna·
1315 1129 1329 1139 .

268 1189 394 1261 drante
410 1187 514 1261 horae
530 1197 663 1271 enemo,
684 1205 928 1299 susnmlcupr
945 1185 1061 1279 ipsum
1078 1184 1234 1259 nitidum
1251 1197 1289 1258 et

270 1306 394 1401 fragile
420 1307 459 1376 in
476 1303 625 1376 sublime
651 1303 762 1377 latum
782 1302 906 1376 faciem
930 1305 1133 1377 interiorem
1158 1306 1288 1376 summi
1402 1357 1412 1375 ,

269 1425 348 1496 tubi
364 1422 534 1507 obducet3
559 1423 751 1496 dummodo
775 1422 891 1518 pulvis
915 1436 1095 1519 suspectus
1119 1446 1287 1498 nemum
1317 1466 1319 1470 >
1413 1405 1417 1410 ’

270 1562 517 1615 ABSENOSUM
541 1553 641 1615 esset.
694 1541 915 1625 Quinetiam,
942 1543 971 1612 si
988 1563 1231 1615 Ansnrncum
1249 1546 1288 1615 in

271 1660 428 1733 tabulam
445 1659 590 1734 ferream
606 1659 801 1733 ferventem
815 1660 1032 1753 conjiciatur,
1057 1663 1217 1755 protinus
1234 1662 1289 1733 fu·

271 1780 323 1850 mi
337 1779 462 1852 ullium
478 1778 612 1852 olentes
629 1776 831 1851 ascendunt.

322 1897 406 1970 Hoc
422 1898 703 1994 experimentum
729 1898 873 1970 coeteris
898 1899 1062 1970 omnibus
1087 1900 1289 1986 antecellit3

269 2016 402 2112 anippe
427 2015 519 2110 quod
546 2011 667 2087 follere
689 2016 823 2110 nequit.
877 2014 975 2087 Illud
997 2017 1100 2089 unice
1129 2020 1162 2089 ei
1188 2018 1292 2114 objici

271 2144 411 2230 potest:
436 2134 615 2215 nimirum,
642 2133 776 2226 copiam
794 2153 1133 2206 scln1n1asuu0s1
1158 2138 1292 2230 perexi-

271 2274 379 2345 guam
395 2252 448 2323 ita
463 2250 523 2326 vix
541 2247 756 2343 deprehendi
772 2272 881 2342 posse.
1057 2244 1062 2249 ’

323 2367 374 2439 A.
393 2367 521 2461 y.-Si
547 2375 663 2461 partes
690 2377 760 2442 tres
788 2376 935 2439 naturae
961 2369 1083 2464 nigrae
1105 2380 1209 2443 antea
1235 2370 1294 2442 de-

271 2487 434 2582 scriptae,
465 2509 543 2557 cum
575 2508 647 2557 una
674 2495 774 2579 purte
797 2483 949 2579 pulveris
984 2490 1136 2581 suspecti
1164 2491 1297 2561 mixtae

271 2605 411 2678 duabus
443 2602 575 2676 tabulis
607 2602 727 2697 politis
756 2604 891 2698 cupreis
919 2605 1200 2698 interjiciuntur3
1244 2617 1296 2680 ta-

274 2721 448 2817 bulaeque
470 2720 615 2794 metullo
639 2731 723 2792 neto
745 2721 1015 2794 circumvinctae
1039 2724 1161 2816 prunis
1186 2726 1297 2821 impc-

275 2848 427 2914 nantur:
453 2839 652 2935 quadrante·
663 2840 799 2912 circiter
813 2837 919 2911 horae
936 2850 1232 2938 execrantesque
1245 2855 1297 2917 ts·

276 2958 440 3031 cularum
468 2958 643 3030 maculam
669 2957 827 3030 ostendit
851 2957 1048 3043 candidam,
1065 2961 1228 3047 nitidam,
1247 2988 1300 3035 ar-

275 3074 386 3172 gento
413 3076 657 3147 subsimilem:
682 3100 773 3170 qnae
799 3100 844 3147 ex
871 3060 1003 3148 curuo
1031 3089 1069 3151 et
1092 3100 1299 3157 Ausnurco

279 3197 374 3266 inter
396 3219 435 3264 se
460 3194 663 3265 consociatis
686 3204 833 3266 constat.
887 3193 989 3265 Huic
1019 3206 1137 3268 tamen
1167 3200 1302 3294 experi-

279 3321 401 3383 mento
427 3310 492 3381 soli
517 3333 588 3380 non
604 3309 778 3381 confidere
795 3323 953 3404 oportet:
978 3313 1071 3387 duae
1084 3318 1182 3389 euim
1200 3321 1302 3391 tabu-

278 3430 335 3502 iae
350 3453 396 3501 ex
411 3451 521 3523 cupro
537 3425 725 3512 confectae,
742 3428 925 3522 iuterJecto
948 3428 1025 3502 oleo
1049 3435 1177 3504 natura
1200 3438 1302 3530 nigra

279 3559 385 3620 antea
410 3547 505 3617 dicta
529 3545 645 3626 misto,
664 3545 693 3615 si
707 3544 785 3638 igni
813 3544 1033 3638 objiciantur,
1050 3549 1224 3620 maculam
1250 3576 1303 3623 ar·

278 3666 523 3762 gentesmsibi
536 3662 749 3760 praeferunt
762 3663 942 3760 aliquanto
954 3667 1071 3739 minus
1084 3670 1304 3765 conspicuam

281 3808 384 3867 saue3
405 3808 607 3879 quanquam
626 3804 794 3855 nemum
812 3802 1060 3859 unctuosum
1075 3786 1177 3860 desit.

334 4016 378 4088 Β.
399 4016 516 4088 1.-si
530 4041 641 4112 grans
665 4017 735 4090 duo
758 4018 912 4114 pulveris
928 4023 1081 4116 susspecti
1098 4023 1211 4094 unciis
1228 4032 1305 4093 octo

286 4158 404 4229 aquae
414 4135 619 4230 purissimae
644 4158 711 4229 ope
731 4135 853 4208 caloris
878 4135 1059 4219 dissoluta,
1077 4137 1213 4208 duobus
1229 4161 1307 4232 gra-

286 4254 343 4325 nis
359 4248 640 4325 snbcarbonstrs
668 4258 840 4347 petasone
858 4255 1069 4326 miscentur:
1097 4277 1230 4324 necnon
1247 4253 1307 4327 de-
