3342 5208
381 581 428 646 84
503 555 1286 649 arsenarum-cuorumcommuurs.

652 865 776 927 XCIV.
802 863 1122 939 DYSENTERIA.

427 1046 878 1121 unumne-Morbus
894 1048 1085 1144 pestilens:
1111 1049 1265 1144 pyrexia,
1292 1048 1399 1119 inter·

381 1167 467 1239 dum
484 1169 668 1240 remittens
685 1166 741 1239 vel
762 1168 1023 1240 intermittens:
1050 1166 1148 1239 dolor
1164 1167 1227 1255 imi
1244 1165 1401 1239 abdomi-

375 1288 436 1387 nis
452 1298 573 1360 ventre
590 1312 707 1378 presso
723 1296 868 1371 auctus:
896 1287 1044 1380 dejectio
1069 1284 1230 1379 frequens
1255 1294 1401 1357 naturae

381 1432 552 1492 mucosae,
566 1419 740 1490 cruentae,
755 1418 817 1478 aut
830 1406 937 1501 adipi,
951 1428 1048 1476 caseo
1061 1403 1115 1476 vel
1118 1390 1290 1497 fibriaroe
1306 1404 1400 1474 simi-

380 1526 435 1609 lis,
461 1535 598 1598 retento
616 1523 721 1621 simul
739 1534 896 1608 stercore,
923 1523 978 1594 vel
1004 1521 1151 1605 subinde
1167 1518 1325 1616 cephalia
1342 1545 1401 1592 cx-

380 1620 504 1721 cretis:
531 1644 705 1715 tormina:
737 1650 942 1714 tenesmos:
974 1666 1075 1735 saepe
1099 1640 1285 1736 mingendi
1309 1639 1400 1711 diffi-

382 1763 503 1836 cultas.
635 1843 637 1846 Α
1077 1832 1080 1836 ,

433 1879 573 1950 Causa
602 1878 1157 1949 comrruuus.—Inflammatio
1190 1879 1245 1948 sui
1279 1877 1402 1949 similis

382 1998 604 2072 membranae
630 2020 790 2068 mucosae
807 2007 844 2068 et
860 1995 1086 2078 museulosae,
1113 2020 1248 2067 necnon
1266 1995 1401 2068 follicu-

381 2117 496 2189 lorum
520 2118 615 2219 muei
641 2117 907 2200 secementium,
933 2139 1120 2212 :pascuum
1144 2116 1309 2186 fibrarum
1325 2116 1401 2188 illa-

383 2248 486 2311 tura:
513 2237 734 2332 potissimum
759 2236 1144 2308 intestinum'crassum
1162 2234 1306 2328 aggredi
1324 2235 1402 2306 soli-

381 2365 430 2438 ta,
448 2355 669 2449 maximeque
686 2340 755 2425 coli
771 2377 889 2424 areum
905 2349 1154 2448 signatorum,
1172 2362 1208 2422 et
1224 2359 1373 2423 rectum.

444 2471 488 2532 N.
505 2471 761 2551 B.-Mou1r0u1
787 2470 897 2533 Tertio
922 2468 1066 2545 confisus,
1088 2467 1145 2551 qui
1166 2467 1269 2530 lucide
1291 2467 1330 2530 de
1352 2470 1406 2554 dp.

530 2577 667 2639 :euterio
682 2575 814 2660 scripsit,
838 2576 917 2637 hanc
931 2574 1205 2637 inflammationem
1226 2595 1290 2635 non
1311 2596 1407 2636 mem-

531 2681 647 2744 branae
668 2704 812 2744 mucosae
834 2682 900 2758 soli,
915 2703 1026 2743 verum
1041 2681 1133 2742 etiam
1147 2681 1340 2743 musculosae
1361 2692 1407 2743 at-

531 2770 594 2871 que
608 2787 755 2869 folliculis
777 2787 858 2849 inter
880 2809 931 2849 eas
951 2786 1061 2870 positis
1083 2785 1215 2848 insidere
1234 2788 1403 2871 proposui:

531 2912 595 2952 non
610 2891 710 2951 solum
725 2892 807 2951 enim
821 2891 1002 2952 membrana
1016 2891 1192 2952 musculosa
1212 2903 1336 2976 praeter
1355 2915 1408 2955 na-

534 3005 638 3056 turam
647 2995 848 3079 dysentericis
859 2996 951 3058 rubet
961 3006 991 3057 et
1003 2995 1178 3069 crassescit:
1195 2999 1408 3060 verumetiam
1449 3073 1454 3078 .

531 3100 662 3162 folliculi
681 3100 838 3163 interdum
853 3101 992 3186 ampliati
1008 3123 1182 3187 suppurare
1196 3114 1227 3165 et
1240 3103 1408 3187 aliquando

531 3206 703 3269 exulcerari
729 3204 895 3269 videntur:
928 3205 1082 3292 siquidem
1110 3207 1311 3292 pustularum
1341 3232 1407 3294 spe-

532 3313 610 3374 ciem
626 3313 684 3376 sibi
699 3313 888 3397 praeferunt.
928 3318 1016 3378 Haec
1031 3315 1232 3379 inflammatio
1246 3339 1415 3403 spasmum.

532 3431 647 3498 movet,
678 3442 715 3482 eo
740 3421 827 3505 quod
855 3421 1068 3485 membranam
1094 3420 1302 3486 musculosam
1328 3426 1408 3488 male

529 3526 633 3589 habet.
679 3527 843 3611 Deniquep
858 3528 1037 3612 dpceaterio
1051 3538 1083 3589 et
1097 3529 1254 3611 monache
1268 3530 1412 3592 trachea.

531 3634 582 3709 tu,
605 3631 692 3717 quod
705 3632 746 3695 ad
761 3654 886 3696 causam
902 3633 1109 3695 continentem
1124 3620 1204 3693 inter
1220 3654 1251 3695 se
1267 3634 1409 3697 consimi-

528 3737 573 3801 les
588 3750 668 3801 sunt.

566 4031 670 4095 XCV.
694 4033 921 4097 CHOLERA
944 4034 1206 4100 COMMUNIS.

271 4227 285 4263 -·
326 4212 330 4217 ’
431 4212 910 4290 Dur1N1r10.-Humoris
944 4220 1060 4293 biliosi
1093 4221 1267 4310 vomitus:
1312 4227 1402 4320 ejus-
