3342 5208
633 548 808 603 surmus.
1159 531 1230 598 143

362 738 481 812 partem
501 724 627 810 penitus
641 723 820 786 renascitur.
867 724 997 787 Crustas
1019 720 1154 806 denique
1175 742 1238 783 non

362 856 401 895 ex
416 833 551 896 cuticula
573 831 709 908 evoluta,
726 829 780 891 sed
794 852 832 891 ex
847 851 927 915 pure
941 829 1094 892 desiccato
1115 827 1236 905 confici,

362 938 437 999 hine
452 937 619 999 doeemur:
645 933 732 1019 quod
747 955 830 1018 aqua
844 956 895 995 eas
909 931 1106 996 dissolvendo
1125 931 1238 995 habilis

361 1054 407 1104 est
420 1067 429 1112 ς
446 1052 542 1126 atque
556 1041 660 1124 liquor
674 1038 863 1102 indefectus
877 1050 943 1102 arte
957 1038 1068 1102 insitus
1085 1040 1238 1102 variolam

364 1168 489 1209 movere
504 1156 615 1231 potest.

521 1440 690 1504 CLXIII.
737 1439 938 1503 SCABIES.

247 1602 706 1697 'nummus-rubera
717 1621 906 1716 perexigua
916 1620 1054 1717 generis
1064 1621 1238 1714 ancipitis,

220 1746 270 1818 sie
285 1754 328 1815 ut
345 1743 450 1814 initio
467 1743 662 1824 dubitetur,
688 1761 879 1813 PAPULAE
907 1742 978 1813 sint
1004 1766 1049 1813 an
1076 1758 1238 1815 vnsrcu-
1334 1788 1336 1792 -

221 1881 631 1947 1,an,anrusrunnn;
651 1858 794 1931 tandem
806 1860 937 1930 veroin
951 1859 1241 1937 rusrunssevi·

223 1979 346 2053 dentes
377 1979 535 2052 abitura:
569 2001 632 2073 per
661 1988 776 2051 totum
806 2002 939 2073 corpus,
969 1988 1115 2074 excepta
1142 1975 1241 2064 facie,

223 2098 388 2194 dispersa,
414 2097 638 2192 maximeque
655 2098 798 2169 natibus
816 2109 852 2169 et
870 2096 1096 2169 articulorum
1114 2097 1243 2169 finibus

221 2214 371 2287 infesta:
393 2213 550 2308 pruritus
566 2213 736 2307 insignis:
756 2214 897 2285 morbus
915 2238 1049 2309 semper
1065 2214 1242 2308 pestilens.

272 2409 444 2481 Seuerus
461 2418 557 2493 sunt,
741 2503 745 2507 ,

272 2549 308 2597 a.
339 2525 688 2611 Paruurrornurs3
729 2550 817 2621 quae
845 2548 1071 2599 vnsrcuuas
1099 2525 1245 2599 exhibet

224 2643 434 2739 prurientes,
456 2642 644 2713 subrubras
670 2653 707 2715 et
729 2643 957 2726 acuminatas,
975 2643 1097 2736 carpis,
1123 2643 1246 2738 digitis

226 2772 264 2833 et
292 2757 524 2855 Epigartrr'o
549 2760 734 2853 inspersas,
766 2780 1018 2831 Pnnrzacus
1045 2783 1131 2855 pure
1158 2760 1247 2834 flavo

226 2887 264 2951 et
280 2901 391 2949 crasso
407 2875 544 2949 refertis
560 2877 692 2948 mistas.
737 2876 862 2973 Aegro
879 2889 987 2950 noctu
1004 2877 1247 2965 decumbente,

225 2995 382 3092 pruritus
399 2994 618 3089 ingravescit.

277 3109 309 3183 b.
336 3110 650 3196 LYMPHAT10A3
681 3136 771 3207 quae
788 3133 1002 3186 vnsrcunrs
1028 3114 1132 3188 latiae
1148 3119 1250 3191 tenui

227 3227 353 3325 plenis,
371 3252 436 3299 nee
449 3228 573 3298 rubore
587 3229 711 3300 cinctis
727 3229 925 3318 indicatum
943 3236 1146 3327 praesertim
1163 3236 1251 3307 axil-

228 3347 284 3430 lis,
311 3345 454 3415 natibus
480 3353 517 3415 et
543 3344 673 3414 cubitis
701 3345 887 3439 inspersis3
924 3369 1117 3423 Pusrunrs
1146 3354 1251 3424 simul

232 3462 420 3534 immixtis.

279 3604 309 3654 c.
336 3580 623 3661 Pusunssura;
641 3602 730 3673 quae
746 3600 951 3654 rusruuns
965 3582 1073 3657 habet
1085 3587 1254 3682 turgidas,

233 3698 409 3784 discretas,
426 3699 516 3771 flavo
539 3695 689 3770 humore
709 3697 893 3785 distentas,
911 3710 1019 3798 atque
1041 3705 1166 3777 rubore
1191 3709 1255 3780 eir-

238 3817 429 3889 cumdatas.
481 3814 567 3889 Hae
592 3841 673 3889 vem
699 3815 830 3912 digitos
856 3843 1027 3892 manuum
1053 3832 1091 3894 et
1112 3823 1255 3919 pedum,

237 3957 409 4006 manuum
426 3932 579 4027 pollines,
597 3959 737 4032 carp0s3
765 3946 802 4008 et
819 3947 940 4032 postea
956 3939 1091 4028 axillas,
1105 3940 1257 4040 dorsum,

236 4052 412 4136 humeros,
430 4061 541 4135 nates,
559 4052 738 4127 infestant.

285 4168 320 4241 cl.
347 4167 647 4254 CAcHEOT10A3
679 4197 768 4267 quae
798 4186 850 4246 est
881 4200 951 4247 non
982 4179 1050 4249 nisi
1082 4200 1257 4263 scaurus,

236 4313 376 4385 corpore
400 4286 587 4362 debilitato
613 4287 807 4384 habituque
834 4292 926 4365 malo
946 4305 1094 4375 mutata.
1148 4296 1258 4391 Saepe
