3276 5194
377 563 448 628 354
524 579 580 629 nn
600 578 694 630 onsr
713 577 994 630 rrrnnoonnro
1013 578 1295 629 sunrnunnro.

375 751 461 823 talla
490 754 698 824 tremoribus
725 753 947 848 plexuerint:
983 753 1022 823 id
1053 752 1147 849 quod
1173 754 1399 825 notissimum

376 879 438 941 est.
490 869 715 955 Quinetiam,
743 868 890 942 aeidum
917 868 1094 942 uitricum
1123 880 1229 965 atque
1259 869 1397 966 lignum

378 984 545 1058 Guar'oei
560 983 752 1082 ‹fficiualis
775 1012 915 1059 summo·
934 986 1053 1059 fructu
1075 985 1254 1059 interdum
1279 1011 1396 1058 nonce-

377 1104 520 1176 duntur.

376 1409 570 1472 CCCLXV.
595 1411 832 1487 QUAEDAM
856 1411 922 1474 DE
946 1412 1056 1475 GASI
1079 1410 1402 1503 HYDROGENIO

719 1536 1051 1599 SULPHURATO.

426 1716 513 1789 Gns
531 1737 852 1790 nunnoonnlum
871 1739 1182 1790 sunrnunnrum
1202 1717 1398 1814 praeparari

272 1878 275 1884 ·
377 1834 475 1919 solet,
502 1861 546 1908 ex
572 1838 693 1932 quovis
717 1834 945 1932 sulphurem,
970 1835 1076 1909 acido
1096 1833 1313 1934 sulphurico
1335 1845 1397 1906 ant

298 1960 303 1965 ’
375 1951 580 2036 muriatico,
606 1966 713 2047 atque
729 1979 829 2047 aqua,
855 1956 950 2025 inter
965 1980 1001 2026 se
1018 1956 1143 2027 mistis.
1194 1953 1398 2040 Quomodo-

376 2094 514 2166 cunque
530 2094 613 2143 sane
631 2071 705 2155 fiat,
730 2094 911 2166 nunquam
937 2095 1008 2143 non
1026 2097 1070 2144 ex
1088 2097 1197 2168 aquae
1213 2071 1401 2144 elementis

377 2189 526 2260 invicem
557 2212 622 2283 ope
648 2187 825 2284 sulphuris
848 2187 1053 2273 dissociatis,
1071 2191 1261 2262 conficitur.
1313 2188 1398 2261 Hoc

372 2329 458 2401 guo,
488 2305 642 2400 plurium
673 2308 795 2388 instar,
825 2306 1003 2378 oeulor'um
1032 2308 1141 2379 aciem
1171 2307 1271 2391 latet,
1297 2331 1399 2378 nares

377 2421 481 2494 odore
497 2421 726 2494 foetidissimo
743 2424 891 2496 offendit
905 2451 913 2507 ;
940 2425 1023 2520 igne
1040 2423 1190 2508 admoto,
1219 2425 1398 2495 flammam

376 2542 450 2612 edit
468 2541 750 2614 subooeruleam:
778 2542 873 2614 unde
891 2567 981 2638 aqua
997 2543 1179 2637 gignitur,
1195 2552 1232 2615 et
1250 2539 1397 2635 sulphur

377 2660 589 2732 demittitur.
642 2660 803 2732 Dotibus
819 2684 909 2755 pene
926 2660 1088 2731 omnibus
1105 2656 1296 2731 aridorum
1320 2682 1397 2753 pro·

376 2779 461 2873 priis
488 2778 666 2850 donatur:
700 2779 878 2861 nimirum,
908 2801 1024 2849 suoeos
1053 2776 1255 2872 plantarum
1282 2800 1398 2849 eoeru-

374 2895 447 2967 leos
474 2895 668 2979 rubefecit3
700 2919 834 2968 necnon
860 2889 938 2966 curn
967 2891 1155 2976 alentibus,
1172 2895 1275 2967 terris
1291 2905 1397 2989 atque

376 3012 510 3108 ompdis
537 3014 771 3095 metallorum,
797 3014 982 3083 consociari
1012 3022 1136 3106 potest.
1189 3011 1328 3095 Potius,
1357 3014 1396 3082 ni

375 3129 486 3212 fallor,
505 3126 651 3199 aeidum
667 3125 1030 3225 hydrosulphureum
1049 3129 1262 3212 nominatur,
1288 3154 1395 3224 quam

370 3270 447 3344 gas
463 3243 735 3341 hpdrogeur'um
750 3242 1024 3341 sulphurotum.
1078 3245 1300 3341 Quocunque
1317 3270 1396 3319 vero

374 3366 517 3438 nomine
543 3363 756 3457 designetur,
782 3362 819 3432 id
846 3364 890 3434 iis
907 3365 1058 3446 vocibus,
1084 3386 1187 3434 osum
1209 3363 1394 3450 velitum,

373 3485 468 3554 {iniri
485 3507 556 3552 non
572 3493 732 3574 oportet;
758 3480 931 3575 siquidem
945 3480 1173 3577 oxygonium
1190 3479 1273 3554 huic
1289 3480 1396 3556 acido

373 3602 480 3672 deest.
534 3599 573 3670 si
602 3598 668 3669 hoe
689 3621 765 3694 gos
786 3622 864 3670 oum
884 3595 1047 3669 olrlorr'rro
1064 3598 1239 3682 miscetur,
1257 3609 1392 3670 utrum-

372 3743 440 3812 que
469 3717 665 3791 evanescit:
692 3712 908 3810 acidumque
931 3712 1168 3786 muriatioum
1181 3723 1299 3809 etque
1322 3717 1392 3787 sul-

371 3833 463 3928 phur
479 3835 662 3926 prodeunt.
716 3833 754 3904 si
767 3857 854 3930 gos,
871 3833 916 3903 de
934 3857 1003 3928 quo
1020 3833 1167 3926 agimus,
1193 3843 1230 3905 et
1246 3832 1392 3906 acidum

371 3946 633 4046 sulphurosum
660 3951 808 4021 invicem
835 3951 1037 4032 miscentur,
1062 3950 1100 4018 in
1125 3973 1252 4043 aquam
1269 3962 1306 4022 et
1322 3951 1392 4023 sul-

365 4068 461 4165 phur
480 4077 675 4137 vertuntur.
728 4066 812 4136 Hoo
834 4091 913 4136 vero
939 4068 1163 4161 potissimum
1189 4069 1390 4140 meminisse
1508 4096 1514 4107 ·

368 4197 505 4282 oportet
533 4183 577 4255 de
601 4179 692 4278 goni
721 4179 950 4277 hydrogeru'o
965 4182 1229 4279 ‘sophor-arm
1272 4210 1392 4258 omnes

366 4328 456 4397 pene
484 4302 570 4374 sales
595 4283 801 4382 metallinos,
834 4324 922 4393 aqua
950 4305 1025 4393 ejus
1052 4303 1214 4397 saturiori
1242 4303 1389 4394 adjecta,
