3326 5188
273 626 330 677 nn
350 622 484 677 sinsus
502 621 721 677 sunnnnrn
739 618 858 671 amm
876 616 1109 684 vaunnam.
1162 599 1236 671 22?

269 908 519 973 ccxxxvn.
553 908 617 969 na
642 858 796 970 sreurs
820 902 1055 969 aaronque
1079 898 1182 965 sun
1209 958 1212 965 .

422 1033 587 1097 Pnnrn
612 1029 1026 1139 nmenvnunnnrr.
1080 1010 1083 1015 ⁴

262 1217 444 1302 Quoniam
469 1212 634 1310 Sulplrac
656 1212 762 1299 zinci,
779 1216 892 1286 instar
922 1210 1117 1286 Tartrotis
1138 1209 1235 1283 ortti-

213 1333 325 1407 monr'i
341 1346 446 1430 atque
459 1330 654 1430 Sulplratr's
670 1334 777 1428 cupri,
796 1333 948 1404 vomitus
973 1329 1087 1403 ciendi
1111 1341 1236 1426 poten-

115 1546 118 1551 Ι
217 1445 394 1525 tissimum
424 1461 487 1535 est,
510 1475 648 1544 perraro
677 1450 815 1521 tamdiu
832 1448 1026 1523 ventriculo
1055 1446 1236 1520 inhaerere

111 1600 126 1611 ⁸
215 1579 343 1664 potest,
362 1580 404 1641 ut
429 1570 521 1641 actio
551 1568 698 1639 exitiosa
727 1578 891 1662 patescat.
944 1564 1138 1661 Corporum
1156 1590 1236 1638 vero

215 1688 447 1783 proprietates
464 1697 518 1759 tut
530 1675 965 1779 suntstantumqueiqter
978 1709 1017 1763 se.
1027 1683 1235 1779 discrepant,

216 1815 258 1877 ut
281 1803 431 1877 subinde
460 1804 554 1875 mala
583 1803 841 1893 luctuosissima
868 1803 1103 1898 progenuerit.
1156 1802 1236 1876 OR-

216 1941 328 2004 ΜΛ,
346 1918 494 2015 aliisque
510 1917 580 1989 fide
597 1917 715 2012 dignis
740 1918 965 2002 testantibus,
983 1916 1110 1989 haecce
1127 1919 1236 1991 inter-

111 2046 123 2055 ‘
215 2036 301 2109 dum
319 2035 421 2131 signa
437 2045 664 2118 nascuntura,
678 2035 858 2119 nimirum,
877 2059 916 2111 os
932 2058 1051 2129 sapore
1068 2058 1236 2130 perquam

215 2166 351 2231 austero
367 2163 624 2250 exasperatum,
641 2167 774 2233 sensus·
784 2151 937 2233 faucium
950 2155 1056 2247 ,quasi
1073 2157 1236 2231 constric-

214 2282 341 2354 tarum,
360 2281 482 2349 tantus,
497 2270 661 2365 equidem
674 2280 721 2349 ut
739 2269 844 2341 homo
860 2292 945 2350 mox
961 2271 1236 2366 strangulandus
1298 2372 1302 2377 ἡ
1396 2338 1401 2341 ,

210 2390 282 2479 sibi
298 2388 480 2463 rideaturr
499 2389 651 2459 vomitus
661 2389 835 2465 crebrior:
854 2387 925 2459 alvi
933 2387 1152 2484 dejectiones
1168 2391 1236 2465 fre

213 2516 382 2600 quantes:
400 2505 508 2589 dolor,
519 2507 630 2583 initio
647 2506 841 2593 ventriculo
858 2507 1006 2591 infixus,-
1016 2520 1136 2603 postea
1153 2536 1236 2583 ven-

213 2634 303 2697 trem
328 2624 530 2699 universum
556 2634 821 2719 permeaturus:
849 2624 1004 2718 spirandi
1020 2626 1235 2701 difficultas:

213 2740 336 2835 pulsus
364 2742 571 2817 arteriarum
594 2740 760 2835 <languidi
783 2753 820 2812 et
842 2741 1023 2814 citissimi:
1050 2744 1235 2841 denuoque

81 2876 85 2882 “
213 2882 350 2929 summa
368 2859 496 2928 virium
523 2855 698 2941 resolutio,
717 2859 820 2932 vultu
846 2856 989 2954 pallido,
1008 2863 1152 2934 artubus
1174 2862 1236 2934 fn:

213 2975 379 3069 gentibus
397 2975 694 3059 ettrementibus,
711 2977 904 3072 sudoreque
915 2977 1036 3071 gelido
1053 2980 1234 3076 insignita.

221 3293 493 3356 CCXXXVIII.
526 3293 591 3355 DE
616 3292 770 3356 SIGNIS
794 3295 1051 3377 CADAVERE
1077 3300 1236 3379 SECTO,

282 3414 520 3493 REPERTIS
544 3416 921 3494 VENENANDIQUE
946 3422 1171 3488 RATIONE.

263 3598 386 3682 Nulla,
404 3607 579 3694 quantum
608 3597 698 3670 mihi
724 3600 848 3695 liquet,
865 3603 1027 3698 exempla
1048 3604 1234 3680 hominum

213 3716 278 3790 hoc
307 3741 443 3790 veneno
470 3727 673 3790 necatorum
703 3717 815 3792 literis
843 3720 1079 3796 mandantur:
1104 3729 1234 3823 accepi-

213 3860 302 3920 mus,
319 3834 487 3907 Oasrna
511 3846 676 3923 testante,
693 3838 831 3933 quoties
857 3839 993 3915 belluae
1018 3842 1084 3917 hoc
1101 3870 1235 3920 veneno

214 3953 344 4025 occisae
368 3952 560 4047 perierunt,
576 3966 692 4049 partes
710 3981 830 4030 omnes
847 3963 1070 4036 membranae
1086 3964 1235 4040 intimae
1294 4000 1299 4005 ·

214 4068 541 4164 meatusalimenti
562 4071 606 4141 ab
627 4098 667 4144 eo
688 4084 798 4147 tactas
825 4088 927 4149 notas
948 4080 1235 4156 inflammationis

213 4212 284 4260 non
312 4210 395 4258 sane
421 4188 645 4281 gravissimae
672 4192 738 4262 sibi
765 4194 946 4287 praeferre.
999 4197 1113 4271 Modo
1137 4223 1236 4273 cruor

217 4308 368 4391 subater,
380 4308 470 4379 vasis
482 4318 605 4403 sponte
616 4308 777 4404 diruptis,
789 4314 883 4386 inter
893 4315 1131 4388 membranam
1143 4341 1237 4390 mus-⁹

1051 4443 1113 4506 1²2
