3342 5208
430 534 503 608 126
800 552 1075 608 scrutarius.

460 728 628 791 Ruanona
639 742 717 790 snut
730 745 945 790 causaturos
955 728 1133 792 Wrnnauo
1145 728 1304 795 interdum
1315 731 1452 797 accidere

423 840 634 903 memoratur;
670 828 868 915 discrepata
891 832 1032 896 Ruheolu
1059 833 1200 918 vulgari,
1225 835 1313 919 quod
1338 835 1450 903 desunt

417 936 570 1022 pyrram,
592 935 771 1012 catarrhus,
795 935 996 1021 ophthalmia,
1019 937 1077 999 etsi
1102 938 1184 1001 cutis
1206 939 1346 1004 similiter
1371 941 1453 1004 efflo-

421 1042 521 1106 rescit.
567 1041 654 1107 Hinc
673 1040 746 1106 satis
763 1052 885 1105 constat
907 1045 1087 1129 poscentum,
1103 1065 1185 1129 quae
1199 1046 1370 1112 Rubcolom
1384 1048 1451 1111 vul-

414 1169 531 1236 garem
545 1148 723 1225 comitatur,
745 1147 989 1213 inflammatione
1003 1150 1202 1216 membranae
1217 1152 1371 1216 canalium
1388 1152 1450 1237 spi-

421 1253 560 1317 ritalium
585 1252 722 1315 exoriri:
758 1251 791 1315 id
818 1264 876 1330 est,
907 1255 1090 1317 catarrhum
1115 1257 1292 1341 specificam
1314 1256 1450 1319 radicem

419 1381 496 1436 esse,
520 1358 605 1421 unde
626 1370 747 1421 caetera
770 1356 852 1420 mala
867 1357 1023 1422 Rubeoloe
1038 1360 1187 1444 vulgaria
1209 1361 1338 1446 propria
1362 1382 1448 1424 enas

418 1474 543 1527 cuntur.

427 1725 430 1731 .
462 1644 628 1710 Ruanonu
640 1662 748 1707 umas
761 1661 910 1707 vnnosar
925 1641 1091 1728 discrepat,
1100 1642 1189 1728 quod
1202 1644 1284 1707 cutis
1298 1665 1361 1708 non
1375 1656 1448 1708 ante

418 1752 502 1816 diem
516 1766 641 1815 vrrmum
656 1761 712 1813 aut
728 1765 858 1812 vruvum
873 1749 1035 1813 rubescere
1049 1750 1170 1834 incipit,
1185 1750 1330 1836 potiusve
1343 1750 1446 1815 livere.

417 1856 557 1921 Rubcolo
570 1856 628 1919 hac
642 1855 743 1917 forma
757 1853 883 1932 donata,
899 1854 1037 1940 corporis
1052 1855 1163 1921 habitu
1186 1858 1268 1922 malo
1288 1856 1447 1941 debilique

416 1962 507 2025 inniti
521 1960 655 2024 videtur.

707 2261 798 2327 cnr.
831 2216 1149 2325 scurrarum.

470 2443 1011 2517 Danuuio-Inflammata
1034 2442 1258 2522 membranae
1280 2465 1441 2516 mucosae

419 2563 499 2647 oris,
515 2560 670 2633 faucium
688 2571 725 2633 et
740 2558 895 2654 linguae,
911 2558 1074 2654 contagio
1091 2559 1145 2630 sui
1162 2558 1270 2630 simili
1288 2578 1439 2645 accensa,

418 2690 457 2752 et
473 2698 544 2751 non
571 2678 641 2749 nisi
669 2674 776 2748 semel
804 2674 958 2770 aliquem
981 2685 1191 2770 correptura,
1209 2659 1332 2748 rubore
1349 2674 1440 2748 cutis

418 2796 605 2869 saturrimo
621 2793 827 2889 plemmque
844 2801 1015 2864 secuturo.

481 2912 526 2974 N.
540 2910 714 2972 B.-Haec
739 2905 879 2969 definitio
900 2904 1047 2968 omnibus
1070 2907 1272 2969 Scauriana
1285 2907 1441 2992 aperiebas

567 3013 641 3075 satis
654 3010 731 3074 mihi
753 3009 917 3072 convenire
930 3008 1067 3083 videtur,
1082 3008 1227 3092 quamvis
1241 3009 1329 3100 haud
1343 3009 1441 3073 ullam

566 3118 649 3181 clare
663 3116 815 3201 depingit.
861 3111 961 3177 Haud
977 3133 1050 3176 sane
1064 3113 1167 3176 nescio
1182 3114 1375 3178 Cunnnrtnu
1390 3136 1443 3177 ne-

563 3218 827 3309 guecynamteu
836 3218 1037 3284 Socraticae
1044 3214 1180 3304 simplici
1188 3216 1330 3282 subesse:
1347 3241 1442 3304 quem

567 3340 671 3392 tamen
685 3348 787 3390 errare
800 3322 1001 3388 manifestum
1014 3334 1083 3398 est3
1103 3321 1210 3387 fauces
1224 3323 1306 3387 enim
1320 3346 1442 3411 semper

564 3434 638 3522 plus
663 3433 806 3496 minusve
831 3430 957 3511 rubent,
972 3430 1030 3494 etsi
1055 3448 1119 3493 non
1145 3429 1376 3509 exulcerentur,
1391 3430 1440 3493 vel

566 3541 752 3607 scortorum
780 3539 915 3625 simplici
943 3536 1079 3600 tentatis.
1136 3535 1246 3600 Facies
1274 3535 1440 3621 multiplex

566 3646 767 3711 Scarlctiaae
780 3643 871 3720 hanc,
886 3641 919 3704 ni
933 3641 1036 3719 fallor,
1052 3640 1203 3703 rationem
1217 3639 1338 3724 accipit.

523 3752 693 3837 Proprium
715 3760 761 3812 est
783 3750 852 3836 ejus
873 3747 952 3811 nulli
973 3747 1078 3824 aetati,
1093 3758 1150 3809 aut
1163 3745 1301 3830 corporis
1315 3742 1438 3809 habitui

565 3878 701 3943 parcere,
714 3853 844 3919 rediere
854 3875 960 3916 omnes
969 3853 1086 3939 pariter
1096 3850 1229 3914 adoriri:
1254 3849 1436 3935 quinetiam,

565 3961 745 4024 membrana
757 3959 831 4037 oris,
840 3959 968 4044 linguae
978 3970 1009 4021 et
1019 3957 1160 4022 faucium
1175 3977 1295 4043 semper
1309 3968 1356 4020 est
1370 3957 1439 4043 ejus

565 4064 667 4153 prima
681 4066 787 4128 sedes:
810 4062 922 4127 exinde
945 4062 1149 4127 inflammatio
1172 4063 1300 4126 demum
1322 4061 1364 4126 ad
1385 4084 1438 4126 cu·

565 4182 630 4233 tem
645 4170 759 4255 serpit3
783 4168 817 4231 id
830 4179 888 4246 est,
903 4166 984 4231 cutis
998 4168 1167 4232 efflorescit.
1213 4168 1324 4253 Hujus
1338 4166 1439 4232 morbi

564 4299 637 4340 cum
663 4274 730 4338 aliis
753 4272 945 4359 quibusdam
970 4296 1134 4338 commune
1157 4284 1214 4351 est,
1229 4284 1349 4358 quanto
1362 4271 1438 4335 vali-
1506 4358 1509 4364 ἦ

892 4379 904 4427 l
