3326 5188
411 528 483 597 aab
558 540 614 595 nn
627 542 820 596 arsamis
836 544 1031 597 nannum
1051 546 1324 601 naraoanno

410 718 578 791 triculum
607 720 763 803 subierit,
781 730 822 792 ut
840 719 1005 791 fabricam
1034 723 1257 795 membranae
1282 727 1431 798 intimae

411 826 916 933 extempiodirucritmortem
924 839 1024 934 -prius
1034 839 1194 911 accedere
1204 865 1313 936 posse,
1326 868 1432 937 quam

411 979 587 1028 venenum
613 955 776 1028 humores
804 955 1059 1028 circumeuntes
1084 955 1221 1041 adierit,
1239 983 1305 1031 usu
1331 959 1431 1031 doce-

410 1098 500 1146 mur.
552 1070 662 1159 Quod
686 1074 726 1159 si,
743 1071 809 1145 boc
826 1097 960 1146 veneno
988 1074 1125 1169 parcius
1154 1099 1323 1162 concesso,
1340 1076 1432 1148 mul-

411 1203 519 1288 taque
542 1188 634 1288 aqua
656 1192 835 1278 dissoluto,
852 1190 1085 1264 inflammatio
1102 1192 1296 1265 ventriculo
1312 1195 1434 1268 mitior

411 1309 623 1394 accenditur,
639 1334 710 1382 non
727 1311 887 1411 protinus
904 1308 1057 1381 occisura
1071 1333 1080 1394 3
1107 1308 1336 1405 proculdubio
1352 1335 1433 1407 pars

288 1472 293 1480 ·
411 1431 487 1523 ejus
515 1428 677 1522 absorpta
706 1426 751 1498 ad
780 1425 943 1498 humores
977 1425 1234 1499 circumeuntes
1265 1426 1430 1500 defertur.

413 1545 523 1632 Quod
540 1543 724 1619 adnitens
742 1547 879 1642 argenti
897 1544 1038 1631 attinet,
1053 1544 1201 1619 facultas
1218 1546 1287 1618 ista
1302 1570 1433 1619 merno-

410 1662 541 1749 rabilis,
552 1687 622 1760 qua
634 1661 813 1735 interdum
830 1661 952 1759 pollet,
967 1687 1124 1736 summae
1138 1664 1230 1736 cutis
1246 1663 1433 1761 denigran-

411 1781 488 1865 dae,
506 1792 569 1854 aut
585 1781 697 1855 colore
712 1805 887 1878 purpureo
903 1781 1124 1868 imbuendae,
1135 1781 1226 1855 clare
1242 1782 1336 1855 idem
1354 1808 1433 1856 curn

412 1899 583 1999 sanguine
600 1899 735 1973 misceri
752 1896 953 1971 denuntiat.

464 2216 641 2281 CCXLII.
675 2218 739 2281 DE
762 2217 983 2280 NITRATE
1007 2218 1226 2283 ARGENTI
1250 2219 1396 2284 DETE-

837 2342 1008 2407 GENDO.

464 2525 503 2599 Si
521 2552 626 2623 quem
645 2548 798 2600 manns
816 2546 1008 2600 ananum
1025 2527 1286 2625 ingurgitatum
1304 2528 1437 2602 oecide-

413 2645 472 2729 rit,
489 2645 550 2717 vix
567 2656 630 2718 aut
646 2670 691 2718 ne
708 2647 769 2717 vix
790 2644 944 2741 quidem,
962 2669 1034 2718 non
1060 2646 1218 2740 sequitur
1234 2653 1277 2716 ut
1294 2644 1437 2719 murias

413 2765 552 2861 argenti
576 2766 671 2837 intra
687 2765 929 2837 ventriculum.
947 2764 1157 2836 conficiatur.
1210 2762 1294 2837 Non
1325 2764 1437 2836 solum

415 2884 612 2957 enim'·ferc
640 2883 759 2955 omnia
784 2884 940 2955 ciborum
971 2906 1110 2978 genera,
1128 2885 1255 2976 quibus
1277 2881 1438 2954 homines
1542 2934 1547 2941 ·

403 3004 506 3076 uesci
528 3012 751 3088 consuerunt,
769 2997 942 3074 matriolis
963 2997 1074 3072 rodae
1095 3024 1170 3095 ope,
1198 2999 1436 3086 condiuntur;

415 3140 538 3194 verum
555 3121 770 3193 etiam‘suoci
787 3120 866 3216 i'psi,
877 3141 963 3212 quos
980 3117 1126 3190 arteriae
1142 3114 1367 3189 membranae
1383 3120 1439 3189 in-

331 3318 336 3325 ,
416 3242 525 3313 timae
541 3239 728 3312 ventriculi
756 3239 932 3334 inspersae
960 3245 1155 3321 secernunt,
1172 3232 1239 3306 boc
1262 3233 1334 3306 sale
1358 3233 1439 3330 plus
1493 3271 1501 3279 ·

415 3361 577 3434 minusve
601 3360 821 3431 imbuuntur.
851 3368 854 3375 '
873 3355 986 3441 Quod
1000 3356 1030 3427 si
1046 3372 1238 3451 permagna
1259 3350 1366 3449 hujus
1382 3378 1441 3424 ve-

415 3481 500 3554 neni
529 3481 628 3577 copia
650 3475 886 3549 ventricuium
915 3473 1053 3559 adierit,
1071 3472 1261 3547 verisimile
1289 3482 1440 3544 estnon

416 3602 485 3675 nisi
503 3611 652 3697 partem*
663 3600 738 3692 ejus
764 3595 930 3690 exiguam
949 3589 1147 3665 amoriote
1163 3586 1274 3662 rodae
1290 3588 1359 3660 cibi
1376 3597 1439 3660 aut

418 3738 598 3794 succorum
614 3714 808 3790 ventriculi
818 3714 976 3810 proprio,
994 3710 1111 3784 dirui:
1137 3708 1286 3802 ideoque
1302 3707 1439 3802 copiam

417 3838 572 3910 mitratis
584 3837 725 3932 argenti
740 3832 990 3929 experimentis
1005 3825 1235 3925 instituendis
1249 3835 1369 3920 aptam
1386 3825 1441 3896 in-

417 3955 526 4053 gestis
551 3964 626 4026 arte
652 3950 798 4022 subduci
819 3971 929 4044 posse.
982 3943 1184 4018 Haecvero
1200 3943 1442 4038 experimenta

418 4077 494 4169 ejus
511 4080 675 4142 naturam
693 4086 799 4160 qnam
817 4065 1005 4136 clarissime
1021 4061 1192 4134 indicant.

467 4215 503 4266 a.
537 4190 575 4262 Si
593 4208 770 4262 nrrnarr
789 4202 982 4257 ananum
1003 4205 1093 4277 aqua
1110 4180 1280 4254 dissoluto
1296 4175 1443 4252 nomam

420 4306 670 4393 enarrativum,
682 4296 752 4379 'ant
769 4302 915 4399 quodvis
932 4298 1135 4373 mariarum
1152 4322 1245 4394 aqua
1261 4294 1444 4373 solvendo,
