3326 5302
421 560 469 630 36
694 575 1147 629 cuonem—nuscanum.

421 775 558 823 normes
584 763 620 825 et
646 752 797 835 ridiculi,
823 750 942 845 quales
967 749 1154 821 histriones
1171 745 1363 819 exhibent:
1391 749 1444 817 in-

312 891 315 895 ’
422 879 476 940 ter
506 871 771 954 ambulandum,
802 869 952 941 alterum
980 891 1130 950 crurum,
1160 890 1297 985 nempe,
1323 864 1443 937 lateris

421 988 534 1081 magis
551 990 679 1073 affecti,
698 987 802 1071 trahi,
819 1012 890 1059 non
909 985 1025 1057 attolli
1043 984 1197 1056 solitum.

843 1215 1015 1266 seneffia.

470 1339 505 1385 a.
532 1314 881 1397 Genumana-e
894 1313 982 1383 vitio
999 1310 1129 1382 cerebri
1146 1319 1221 1381 orta
1236 1336 1244 1379 ι
1263 1310 1373 1405 vitam
1390 1312 1443 1380 in-

422 1441 556 1525 tegram
573 1455 748 1515 mansura,
766 1427 1033 1501 immedicabilis
1047 1452 1057 1511 ;
1085 1450 1188 1497 causa
1203 1425 1347 1498 latente.

426 1620 431 1625 .
471 1544 503 1617 b.
530 1547 964 1631 Acarnanum-ex
980 1543 1210 1616 irritamentis
1227 1544 1361 1615 meatui
1379 1544 1443 1615 ali·

420 1665 533 1736 menti
550 1664 825 1737 inhaerentibus.

876 1877 990 1918 arona.

461 1964 655 2048 Praegressi's
669 1975 797 2025 artuum
811 1973 947 2046 torpore,
963 1961 1122 2046 languore,
1138 1960 1254 2045 frigore
1266 1986 1278 2033 ς
1300 1982 1355 2021 nec
1367 1960 1447 2022 'raro

416 2067 570 2152 'gravitate
585 2069 666 2131 circa
679 2066 870 2152 praecordia,
886 2066 988 2129 cordis
1006 2065 1219 2151 palpitatione,
1245 2065 1376 2127 auribus
1400 2088 1446 2127 so-

417 2174 575 2251 nantibus,
591 2175 753 2259 vertigine,
768 2184 863 2257 atque
877 2172 1040 2235 ventriculi
1056 2182 1087 2233 et
1102 2170 1239 2233 intestini
1254 2171 1374 2233 actione
1393 2171 1445 2233 he-

361 2310 365 2320 ·
417 2280 508 2342 bete:

461 2385 633 2447 Convulsio
658 2387 826 2452 abnormis.
851 2385 962 2468 suique
987 2381 1248 2445 similisaccedit:
1272 2382 1444 2466 intergra

415 2488 577 2566 diendum,
592 2491 687 2553 homo
701 2513 828 2552 crurum
844 2490 977 2552 alterum
992 2489 1098 2567 trahit,
1114 2510 1177 2550 non
1192 2487 1315 2549 attollit.
1352 2489 1443 2549 Mus-

415 2596 478 2658 culi
499 2618 606 2660 omnes
627 2597 767 2684 ejusdem
792 2596 896 2673 lateris
920 2595 1091 2657 admodum
1106 2594 1285 2667 velluntur;
1313 2592 1390 2655 adeo
1406 2604 1442 2654 ut

416 2724 519 2787 aegro,
535 2725 598 2766 non
619 2703 678 2766 nisi
700 2702 845 2788 pluribus
859 2702 991 2764 nisubus
1005 2700 1123 2763 frustra
1137 2700 1239 2777 editis,
1263 2699 1369 2761 cibum
1391 2721 1445 2783 po

416 2819 524 2872 tumve
538 2811 585 2872 o'ri
599 2809 765 2871 admovere
778 2810 877 2870 liceat.
924 2810 1019 2869 Mens
1033 2807 1114 2866 inter
1127 2806 1204 2867 haec
1218 2805 1355 2867 hebescit
1368 2830 1378 2878 ;
1402 2805 1445 2866 lo-

414 2915 532 2998 quendi
548 2926 578 2976 et
593 2912 724 2974 vorandi
738 2912 904 2974 difficultas
918 2921 1030 2993 urget:
1055 2931 1148 2991 aeger
1166 2909 1227 2969 cibi
1249 2910 1444 2992 appetentior
1509 2906 1513 2919 ’

416 3029 448 3080 et
463 3017 587 3078 edacior
600 3017 647 3093 fit,
660 3037 755 3100 quam
769 3015 832 3076 fert
846 3024 977 3074 natura:
1003 3013 1092 3074 alvus
1107 3006 1198 3096 pigra
1212 3021 1275 3074 est:
1300 3012 1444 3098 dejectio-

416 3145 471 3185 nes
497 3123 696 3207 graveolent3
720 3119 847 3182 tandem
869 3117 950 3180 vires
970 3117 1131 3202 insigniter
1153 3129 1259 3180 ruunt.
1306 3118 1443 3182 Demum

417 3229 442 3290 si
454 3249 547 3312 aeger
557 3227 692 3311 juventa
705 3237 735 3287 et
750 3227 833 3288 bona
847 3222 985 3308 corporis
999 3223 1103 3286 indole
1121 3224 1250 3311 gaudet,
1277 3224 1358 3287 mala
1379 3249 1444 3288 om-

414 3332 477 3408 nia,
492 3332 581 3394 annis
594 3331 845 3406 increscentibus,
866 3322 978 3391 sensim
993 3329 1170 3405 mitescunt,
1187 3339 1218 3390 et
1234 3328 1331 3390 serius
1346 3352 1443 3416 ocyus

417 3434 553 3500 abeunt:
582 3436 668 3521 quod
684 3437 709 3497 s'i
723 3435 834 3498 vitiosa
849 3434 966 3497 cerebri
981 3434 1110 3511 fabrica,
1133 3433 1233 3495 aliave
1254 3454 1337 3494 noxa
1357 3433 1444 3496 abdi-

416 3556 458 3621 ta,
474 3543 561 3606 nulla
574 3555 641 3606 arte
656 3527 987 3618 subducenda,'adsitss
1010 3540 1108 3602 vitam
1128 3540 1282 3622 integram
1303 3560 1444 3622 perseve-

411 3672 479 3728 rare
501 3661 700 3722 consuerunt,
723 3649 754 3709 in
770 3648 961 3731 epilepsiam,
984 3656 1039 3705 aut
1061 3655 1196 3706 mentem
1218 3642 1339 3706 fatuam
1361 3645 1441 3707 desi-

415 3765 494 3815 tura.
552 3775 555 3786 ’

717 3969 842 4030 XXII.
865 3967 1127 4030 HYSTERIA.

467 4148 958 4223 DEF1N1T10.-Convulsio
975 4149 1210 4221 musculorum
1237 4175 1316 4221 cum
1341 4154 1437 4244 soposs

415 4295 454 4347 re
468 4294 539 4342 non
556 4266 739 4367 profundo,
762 4277 960 4361 praegresso
986 4265 1081 4359 globi
1108 4291 1211 4340 sensu
1227 4269 1265 4338 in
1283 4267 1438 4340 abdomi-
