3342 5208
704 559 926 613 HEPATITIS
944 560 1094 613 AOUTA.

548 1257 552 1264 ¹
651 1154 833 1229 nonar
859 1153 1162 1230 Jneinoms.

841 1355 970 1387 -ο-

623 1461 689 1558 ον’.
720 1478 986 1558 ΗΕΡΑΤΙΤΙε
1010 1476 1184 1558 Aoum.

445 1676 920 1783 DEr1N1r10.—Pyrexia:
938 1674 1206 1776 hypocbondrii
1222 1674 1338 1750 dextri
1355 1675 1415 1747 do-

396 1793 460 1878 lor,
478 1805 604 1868 acutus
613 1795 670 1868 vel
685 1795 802 1881 hebes,
816 1798 938 1892 quovis
954 1796 1184 1893 opprimente,
1203 1794 1330 1887 spiritu
1346 1803 1415 1864 tra-

394 1907 511 1980 hendo
528 1921 564 1982 et
581 1910 787 2011 emittendo,
815 1922 878 1984 aut
904 1934 1007 2006 aegro
1032 1913 1071 1981 in
1088 1909 1182 1981 latus
1198 1908 1337 1980 laevum
1356 1933 1415 1980 cu-

394 2023 512 2112 bante,
538 2040 783 2122 exasperatus:
810 2028 880 2101 fere
907 2028 951 2098 ad
978 2027 1183 2099 claviculam
1211 2025 1413 2098 humerum

395 2164 463 2236 que
488 2141 653 2214 dextrum
682 2167 859 2214 summum
889 2165 1114 2215 ascensurus:
1142 2141 1297 2236 spirandi
1322 2143 1414 2214 diffi-

396 2259 518 2344 cultas,
536 2262 641 2333 tussis
660 2261 731 2334 fere
748 2287 871 2335 sonora
887 2273 924 2334 et
941 2262 1036 2357 sputi
1053 2285 1198 2356 expers;
1216 2261 1413 2355 singultus:

394 2372 595 2469 frequenter
611 2379 782 2450 vomitus:
810 2378 989 2451 interdum
1007 2376 1112 2450 icterc‘
1129 2379 1238 2473 signa.

455 2493 679 2557 N.B.-Scire
691 2495 763 2557 licet
777 2495 853 2558 haec
868 2495 957 2580 signa
967 2516 1030 2556 non
1040 2494 1144 2555 omnia
1158 2515 1279 2580 semper
1293 2494 1413 2568 adesse3

542 2600 596 2662 sed
610 2600 695 2662 hunc
710 2600 855 2663 morbum
871 2621 929 2686 pro
943 2612 1034 2685 parte
1053 2599 1199 2683 jecinoris
1220 2601 1415 2685 potissimum

540 2705 660 2785 affecta,
687 2707 827 2770 variare:
851 2707 999 2768 nimirum
1026 2705 1165 2768 dolorem
1190 2718 1329 2784 acutum,
1356 2708 1416 2769 sin-

539 2812 676 2896 gultum,
693 2811 829 2896 spirandi
845 2811 1071 2887 difficultatem,
1087 2822 1182 2896 atque
1201 2812 1323 2889 tussim,
1339 2812 1416 2874 facie

511 2945 513 2949 ¹
536 2916 683 3000 jecinoris
703 2938 851 2992 convexa,
875 2915 939 2977 sive
960 2914 1058 2999 gibba
1078 2914 1278 2994 inflammata,
1293 2917 1415 3002 potissi-

542 3040 629 3080 mum
649 3040 779 3081 vexare:
804 3030 922 3096 contra,
946 3042 1104 3097 nauseam,
1120 3021 1284 3098 vomitum,
1308 3021 1414 3083 aivum

540 3125 674 3210 pigram,
690 3125 876 3211 dejectiones
894 3125 1014 3189 albidas
1035 3126 1179 3211 fellisque
1194 3137 1345 3212 expertes,
1361 3150 1414 3191 cu-

541 3241 667 3314 temque
682 3251 835 3293 summam
855 3243 951 3315 atque
964 3231 1070 3294 oculos
1085 3231 1187 3294 colore
1200 3253 1308 3295 croceo
1321 3231 1416 3294 infec-

539 3343 599 3411 tos,
614 3345 735 3419 partem
755 3309 902 3419 jecinoiis
916 3357 1081 3399 concavam
1096 3333 1281 3398 inflammari
1295 3335 1414 3398 denun-

541 3440 619 3503 tiare
645 3440 734 3504 solita
756 3463 840 3504 esse:
865 3463 904 3504 ne
925 3442 1036 3519 multa,
1051 3441 1186 3504 actiones
1201 3440 1320 3519 vitales,
1334 3441 1413 3504 facie

538 3548 656 3634 gibba3
679 3548 814 3612 actiones
828 3572 912 3627 vero,
929 3571 1010 3634 quae
1032 3548 1188 3611 naturales
1209 3547 1296 3631 apud
1318 3547 1414 3609 medi·
1444 3549 1452 3560 '

539 3675 591 3716 cos
612 3652 824 3731 nominantur,
845 3653 924 3716 facie
945 3674 1080 3716 concava
1102 3649 1304 3729 inflammata,
1326 3661 1414 3738 prae-

538 3759 643 3822 sertim
657 3759 805 3823 laborare.

440 3865 580 3938 Cnusn
609 3864 1159 3940 commanus—inflammatio
1188 3866 1410 3939 membranae

386 3984 534 4081 jecinori
559 3984 823 4079 circumjectae;
850 3983 999 4078 ideoque
1024 4006 1095 4055 non
1118 4007 1194 4054 raro
1212 3980 1256 4055 ad
1274 3986 1350 4077 ejus
1366 3983 1408 4053 Ii-

389 4111 556 4198 gamenta
574 4123 708 4196 serpere
725 4099 836 4172 solita.

430 4219 519 4282 Inter
532 4217 629 4304 hujus
643 4214 743 4279 morbi
758 4214 833 4279 fines
847 4217 1004 4280 notandus
1014 4227 1061 4280 est
1070 4238 1260 4282 anscnssns.
1301 4220 1409 4282 Smnn

386 4334 469 4404 sunt,
483 4344 665 4410 praegressa
679 4321 847 4409 tepottrtde
868 4333 971 4399 acuta,
987 4321 1075 4386 dolor
1096 4322 1249 4402 hebetior,
1264 4312 1412 4409 ponderis

1168 4433 1185 4477 a
