3342 5208
646 529 897 593 sessurus.
1216 518 1287 589 133

257 710 417 798 erumpit;
441 711 600 790 nimirum,
617 736 635 775 e
649 712 796 800 gingivis,
810 712 967 791 faucibus,
990 710 1128 788 nuribus,
1149 708 1289 774 alimenti

261 828 377 895 meatu,
392 817 503 881 urinae
517 817 616 882 canali
630 817 806 904 fistulisque
820 816 1023 904 spiritalibus,
1038 815 1145 880 effluit.
1279 856 1281 861 -

305 925 439 986 Ineunte
464 922 524 987 hoc
547 923 669 1002 morbo,
686 922 851 1010 'plerisque
869 923 962 1009 signs
982 922 1121 1009 corporis
1141 918 1289 1008 plenioris

259 1025 396 1101 adsunt3
419 1044 543 1112 nempg
565 1026 677 1113 pulsus
699 1028 883 1092 arteriarum
905 1027 1005 1091 ereb'ri
1026 1037 1059 1090 et
1072 1024 1179 1105 validi,
1202 1025 1288 1088 dolo-

258 1153 371 1217 resque
379 1118 540 1195 ‘viscerum
562 1143 659 1218 atque
678 1143 825 1197 artuum:
849 1156 951 1219 neque
964 1132 1046 1197 vires
1070 1142 1162 1197 sntes
1184 1128 1288 1196 delabi

258 1236 425 1324 incipiunt,
440 1258 537 1322 quam
552 1237 711 1325 sanguinis
725 1240 863 1304 multum
871 1241 939 1326 jam
953 1239 1116 1304 effluxerit.

312 1423 478 1485 Punrnss
498 1443 800 1488 nssuosnnsercn
822 1435 955 1488 mortem
976 1424 1096 1489 ratione
1121 1422 1288 1510 multiplici

257 1525 371 1590 infert:
398 1526 558 1591 interdum
573 1527 695 1592 viribus
719 1551 776 1614 per
798 1529 958 1615 sanguinis
980 1552 1109 1594 cursum
1128 1542 1287 1595 eonteren-

258 1631 324 1695 dis:
350 1630 436 1710 nlius,
461 1631 697 1718 strangulando,
721 1654 778 1718 per
801 1655 945 1697 cruorem
965 1634 999 1697 in
1024 1636 1144 1699 animae
1166 1634 1287 1703 fistulas

257 1740 443 1825 profusum:
467 1740 562 1804 modo
575 1741 742 1828 apopleoeia
755 1741 927 1820 inferenda,
949 1743 991 1806 ob
1006 1743 1169 1806 cerebrum
1182 1742 1288 1828 ipsum

256 1867 367 1909 eruore
391 1845 464 1910 fuso
487 1868 651 1933 pressum:
674 1847 779 1927 modo,
804 1847 892 1912 febre
910 1848 1027 1913 lentim
1048 1859 1285 1934 superventura,

257 1954 299 2017 ob
321 1975 463 2017 cruorem
478 1953 585 2018 fusum
600 1944 748 2018 vitiosum
770 1954 928 2033 futurum,
949 1955 1156 2041 habitumque
1178 1977 1287 2043 corpu

257 2060 302 2125 ris
315 2060 443 2125 malum.

321 2167 368 2230 N.
384 2168 628 2245 B.-Qu0nium
656 2167 708 2231 hic
733 2169 863 2232 morbus
888 2190 991 2254 neque
1017 2190 1126 2232 causas
1150 2169 1287 2232 scorbuli

410 2273 562 2357 agnoseit,
577 2294 634 2335 nec
646 2272 757 2335 iisdem
771 2273 852 2337 cedit
868 2273 1022 2351 remediis,
1037 2296 1093 2337 nee
1108 2271 1196 2360 sigua
1206 2293 1288 2336 eom-

408 2377 518 2441 munia
543 2377 649 2455 habet,
673 2380 821 2464 pelechlis
841 2391 873 2443 et
893 2401 988 2444 eursu
1004 2379 1163 2466 sanguinis
1177 2372 1288 2465 excep-

413 2481 463 2560 tis,
485 2482 685 2546 manifestum
707 2497 764 2563 est,
787 2485 865 2550 haec
885 2485 950 2550 duo
964 2485 1046 2551 muln
1059 2485 1140 2551 inter
1155 2507 1187 2550 se
1200 2506 1288 2570 pror-

409 2608 466 2650 sus
479 2588 580 2652 aliens
594 2611 667 2652 esse

562 2897 661 2964 CLV.
685 2898 973 2966 ERYTHEMA.

311 3079 789 3180 Dnr1N1r10.-Pyrexia;
815 3087 921 3157 rubor
933 3087 1081 3183 alicujus
1097 3089 1206 3183 partis
1223 3113 1284 3162 cu-

261 3203 309 3276 tis
325 3203 405 3297 plus
421 3204 583 3275 minusve
600 3201 761 3289 diffusus,
774 3205 862 3277 citra
878 3217 1063 3293 tumorem,
1081 3208 1284 3283 valetudine

261 3320 369 3393 simul
385 3321 613 3415 perturbata:
638 3322 779 3393 morbus
795 3347 866 3394 non
882 3326 1059 3419 pestilens.

313 3437 455 3513 CAUSA
472 3457 714 3511 courrunus
740 3449 794 3511 est
819 3440 1053 3517 inflammatio
1076 3447 1166 3518 cutis
1183 3471 1283 3520 verae

262 3559 380 3632 levior.

313 3770 485 3843 Seuerus
503 3776 598 3851 sunt,

311 3912 344 3959 a.
371 3886 553 3971 Fuusx3
580 3909 642 3981 per
665 3884 818 3972 brachis,
845 3891 1022 3978 cervicem,
1039 3902 1162 3989 pectus
1179 3906 1216 3968 et
1232 3894 1283 3969 fs·

262 4006 351 4078 ciem
368 4002 549 4087 diffusum,
568 4011 604 4075 et
620 4004 691 4076 cito
708 4004 898 4080 abiturum.

312 4121 343 4195 b.
371 4121 534 4207 LAEVE,
560 4123 705 4196 artubus
720 4111 942 4201 inferioribus
958 4132 1162 4226 praesertim
1178 4131 1284 4203 infes-

128 4262 132 4269 ·
261 4252 363 4315 tum:
391 4249 488 4313 artus
504 4239 687 4313 universus
705 4243 897 4335 aequaliter
912 4247 1026 4333 rubet,
1053 4256 1090 4319 et
1106 4247 1180 4320 fere
1194 4272 1285 4345 aqua
