3276 5194
401 581 475 650 284
635 594 692 646 os
710 587 897 644 vannum
915 578 1188 641 mscnsurcrs.
1318 598 1322 603 ¹

400 952 594 1018 ccxclx.
618 952 779 1016 PAUCA
801 950 867 1013 DE
887 944 1091 1014 VENENIS
1115 946 1425 1012 MECHANICIS.

450 1147 641 1249 Quaedam
653 1171 708 1219 res
724 1145 965 1241 ingurgitatae
981 1167 1103 1216 neoem
1119 1140 1255 1216 homini
1273 1152 1337 1214 aut
1351 1143 1425 1216 bel-

403 1264 474 1340 luis
491 1264 677 1338 adscissere
698 1273 856 1360 possunt,
873 1287 956 1359 prae
972 1263 1086 1360 figura
1101 1261 1354 1358 particularum
1372 1287 1425 1334 as-

404 1406 487 1479 pera
503 1390 541 1452 et
558 1378 756 1476 inaequali:
782 1377 986 1474 hujusmodi
1003 1389 1087 1452 sunt
1103 1378 1235 1451 vitrum
1251 1379 1290 1451 in
1307 1376 1427 1474 pulve-

404 1520 479 1570 rem
495 1496 614 1567 minus
640 1494 806 1567 subtilem
830 1488 1022 1578 redactum,
1041 1503 1148 1589 atque
1164 1494 1277 1565 crines
1292 1492 1426 1565 brevio·

404 1638 483 1699 res3
509 1637 636 1710 nempe
652 1608 769 1707 capilli
785 1612 906 1708 equini
923 1621 985 1685 aut
1003 1611 1099 1684 suilli
1115 1610 1269 1684 contriti.
1321 1610 1426 1687 Haeo

405 1730 639 1830 proculdubio
651 1729 965 1803 inflammationem
986 1730 1147 1804 alimenti
1163 1741 1301 1803 meatus
1317 1753 1427 1802 mem·

404 1851 513 1924 brana
528 1874 669 1923 mucosa
684 1849 856 1921 irritanda
868 1858 905 1922 et
920 1847 1152 1955 dilaceranda,
1162 1848 1252 1921 ciere
1268 1863 1424 1945 possunt.

406 1967 627 2064 Exemplum
645 1965 758 2055 (Vide
783 1976 805 2006 “
829 1966 1045 2063 Edinburgh
1073 1966 1175 2040 Med.
1192 1967 1319 2041 Journ.
1336 1966 1426 2063 Jnly

409 2088 669 2178 mmcccxuff)
686 2082 801 2155 literis
823 2083 1012 2156 mandatm
1033 2085 1198 2158 intestini
1213 2082 1357 2159 scirrlro
1375 2082 1426 2157 af-

409 2200 506 2287 fecti,
523 2202 568 2274 ob
584 2202 696 2274 crines
720 2202 887 2298 ingestos,
903 2200 1036 2297 dinque
1061 2202 1174 2275 canali
1196 2203 1346 2275 infixos:
1372 2228 1429 2276 ae·

405 2344 470 2414 ger
486 2319 551 2391 diu
566 2316 685 2391 alvum
705 2317 953 2404 tardissimam,
971 2328 1007 2391 et
1025 2343 1167 2392 saevum
1185 2320 1316 2393 ventris
1332 2320 1427 2394 dolo·

408 2461 494 2520 rem,
505 2448 648 2531 questus
664 2435 801 2521 firerat3
820 2437 913 2507 eibos
929 2435 1021 2509 male
1033 2438 1204 2522 contorsit,
1215 2438 1427 2535 demumque

409 2556 490 2628 tabe
504 2564 541 2628 et
553 2553 670 2626 dolore
686 2551 864 2627 eonfeetus
880 2555 997 2650 periit.
1049 2553 1228 2630 Cadavere
1243 2555 1428 2653 patefacto,

409 2673 624 2748 ventriculus
639 2673 753 2747 multo
770 2673 913 2746 crassior
925 2699 1030 2769 quam
1043 2672 1113 2746 fert
1127 2684 1256 2747 natura
1271 2687 1428 2772 repertus

408 2800 473 2875 est,
499 2814 557 2863 ore
573 2787 731 2862 inferiori
747 2788 855 2861 simul
871 2800 1054 2864 coarctato.
1105 2790 1323 2865 intestinum
1350 2796 1426 2866 uni·

408 2932 547 2981 versum
574 2905 722 2979 eandem
749 2905 821 2979 fere
849 2907 998 3002 speciem
1026 2908 1093 2980 sibi
1115 2910 1295 3003 praetulit.
1350 2909 1429 2985 coli

409 3025 520 3098 totins
535 3022 632 3095 linea
646 3022 765 3094 media
780 3048 892 3118 aequo
908 3028 1020 3119 major
1036 3025 1118 3111 fuit,
1134 3028 1179 3098 ab
1196 3028 1301 3100 initio
1317 3055 1427 3125 usque

407 3138 454 3210 ad
469 3161 587 3209 areum
604 3135 843 3233 stgmoideom
860 3140 1041 3213 ineuntem
1058 3165 1067 3213 τ
1094 3144 1155 3236 qui
1171 3154 1292 3216 eontra
1308 3150 1429 3221 aretis-

407 3256 518 3327 simns
544 3257 604 3326 vix
633 3255 775 3327 minimi
801 3257 998 3353 digitorum
1028 3284 1138 3355 capax
1165 3260 1258 3336 fnit:
1296 3264 1427 3338 ibidem

408 3394 509 3467 porro
526 3394 588 3442 sex
604 3370 715 3442 crines
743 3371 840 3443 suilli
865 3373 992 3445 inclusi
1010 3399 1230 3470 apparuere3
1255 3379 1333 3452 fons
1355 3407 1428 3454 ma-

407 3489 522 3564 lornm
539 3489 697 3564 omnium
716 3490 867 3564 evidens.
1255 3488 1259 3494 ¹

458 3606 641 3702 Denique,
658 3631 792 3682 venena
817 3607 1021 3704 hujusmodi
1043 3614 1163 3687 omnia
1189 3618 1342 3689 canalem
1366 3621 1430 3692 ali-

407 3726 522 3799 menti
537 3724 755 3798 inflammare
772 3725 905 3812 solent3
922 3738 963 3800 et
974 3729 1111 3803 diutius
1127 3735 1220 3828 parti
1236 3724 1430 3831 angustiori

407 3840 633 3928 inhaerendo,
661 3855 763 3917 notas
793 3843 927 3919 colione
953 3851 1186 3944 gravissimas,
1213 3877 1360 3941 necnon,
1385 3860 1430 3946 (si

408 3954 514 4028 homo
532 3955 577 4027 ad
593 3957 630 4028 id
647 3961 782 4032 malum
805 3974 933 4037 natura
950 3965 997 4040 sit
1013 3964 1222 4063 procliviorl',
1244 3969 1428 4046 mirrham

407 4075 525 4172 ipsum
542 4097 679 4148 movere
695 4089 851 4173 possunt.
