3326 5302
378 572 427 635 44
601 584 1177 637 cassaneam-s'rnsnrsuus.

379 759 488 830 lentis
509 781 585 828 orsa
610 759 829 851 pedetentim
856 758 901 829 ad
931 759 1105 830 ambitum
1133 758 1264 853 serpit:
1308 757 1401 829 ideo·

381 900 449 971 que
464 879 540 971 jam
557 876 672 947 iniens
688 873 956 972 Nyctalopiam
973 874 1100 949 movet.
1152 874 1242 946 Huc
1258 876 1401 957 accedit,

380 993 512 1067 lentem
543 1017 696 1087 opacam,
720 992 823 1064 modo
851 993 976 1065 duram
1006 1017 1089 1076 esse,
1115 984 1219 1064 modo
1246 992 1400 1075 mollem,

382 1108 469 1180 alias
486 1133 583 1180 caseo
601 1106 762 1179 similem.

430 1221 462 1296 lu
481 1222 702 1297 CAPsnLAE
716 1221 999 1320 2-0phtlralaaia
1016 1222 1107 1296 hanc
1119 1222 1191 1296 fere
1204 1222 1401 1297 antecedit:

381 1326 519 1438 irisaue
537 1353 573 1415 et
589 1341 729 1437 capsula
746 1353 883 1437 praeter
900 1351 1064 1413 naturam
1080 1324 1231 1412 inuicem
1248 1340 1402 1436 aggluti-

381 1468 520 1530 nentur.

838 1652 949 1699 srons.

424 1739 627 1802 cataractam
641 1716 806 1800 venturam
826 1749 881 1799 aut
904 1738 1062 1800 ineuntem
1085 1738 1253 1801 ostendunt
1267 1739 1404 1802 nubecu-

377 1845 426 1906 lae
440 1854 512 1905 ante
526 1844 632 1905 oculos
646 1853 819 1926 perceptae,
835 1853 866 1903 et
880 1842 1080 1926 apotadrpia,·
1104 1843 1137 1905 id
1149 1856 1206 1920 est,
1222 1844 1318 1922 visus,
1334 1846 1404 1907 luce

378 1949 522 2023 obscura,
538 1969 634 2031 quam
649 1946 743 2023 clara,
758 1945 874 2008 melior.
913 1967 915 1971 ¹

423 2051 648 2116 Confirmatam
674 2050 786 2112 docent
801 2050 887 2112 visus
911 2051 1097 2115 imminutus
1123 2065 1179 2116 aut
1204 2055 1328 2118 nullus:
1352 2057 1406 2118 ali-

377 2159 457 2244 quid
470 2178 604 2243 opacum
619 2177 700 2241 pone
713 2155 868 2240 pupillam
882 2157 1154 2241 conspiciendum
1179 2159 1301 2244 pupilla
1314 2161 1406 2245 longe

379 2264 554 2348 saepissime
567 2263 637 2325 luce
652 2272 818 2324 contracta.
853 2263 987 2324 Noctem
1001 2286 1023 2326 a
1032 2263 1092 2342 die,
1103 2264 1152 2327 vel
1167 2268 1277 2329 morbo
1291 2265 1406 2328 invete-

379 2380 527 2446 rascente‚
543 2368 660 2431 homini
675 2368 847 2430 discernere
861 2366 941 2430 licet.

632 2663 816 2726 XXXIII.
843 2664 1150 2727 STRABISMUS.

431 2844 837 2928 DEF1N1T10.·-—Axes
866 2840 1044 2918 oculorum
1075 2848 1163 2929 eitra
1192 2859 1254 2921 aut
1283 2849 1377 2921 ultra

381 2991 458 3079 rem
475 2972 646 3057 aspectam
667 2968 843 3033 coeuntes.
958 3004 962 3011 ·

806 3177 980 3227 srucms.

430 3301 466 3348 a.
498 3274 973 3346 CONsUETUmNJsz-ob
1001 3276 1290 3349 consuetudinem
1325 3301 1402 3372 pra·
1454 3302 1456 3311 ’

309 3438 312 3445 ·
380 3412 461 3465 vam
490 3390 658 3462 musculis
687 3391 792 3462 unius
819 3390 1009 3475 oculorum,
1033 3391 1219 3488 plusquam
1246 3396 1401 3479 alterius,

380 3510 516 3584 utendi.
1020 3579 1021 3582 ,

431 3628 464 3700 b.
491 3626 834 3723 Monnosus2-ob
862 3624 1095 3708 debilitatem,
1124 3648 1322 3722 spasmum,
1346 3629 1402 3700 vel

375 3744 580 3845 paralysin
603 3734 841 3815 musculorum
867 3742 1012 3813 alterius
1036 3742 1237 3814 oculorum:
1265 3769 1333 3840 quo
1349 3747 1401 3831 fit,

382 3874 424 3936 ut
440 3861 532 3934 oculi
549 3885 619 3930 non
638 3861 704 3931 sibi
727 3861 875 3931 invicem
902 3861 1148 3932 convenienter
1169 3864 1300 3934 moveri
1324 3890 1402 3960 pos-

382 3983 476 4053 sint:
513 3978 616 4049 Hinc
631 3978 760 4048 morbis
777 3977 915 4072 generis
940 3979 1076 4050 nervosi
1099 3977 1196 4051 haud
1212 4005 1288 4053 raro
1304 3990 1401 4054 stra-

327 4082 332 4089 ’
381 4094 518 4168 bisaeus
534 4091 719 4186 contingit.
