3342 5208
573 530 770 587 nunnoni
787 528 1006 581 vumanrs.
1180 515 1252 581 125

236 704 289 780 les
305 664 460 805 Leprae
483 717 590 804 atque
606 704 781 780 Paoriasi
809 706 1032 801 contingunt,
1058 702 1254 777 deficienti-

236 826 326 908 bus3
352 850 417 899 nec
432 825 637 920 perturbata
653 821 867 896 valetudine.

286 1032 458 1107 Saserna
476 1041 570 1115 sunt,
588 1030 689 1116 duae,
708 1029 901 1102 Srmrnnx
918 1027 1161 1101 eteorum.
1201 1004 1206 1007 ⁸

697 1334 794 1362 ..0-

248 1564 406 1640 ORDO
431 1559 1241 1638 'sursulus-EMNTHEMATA.

285 1787 751 1861 Dnr1u1'r10.—Rubores
768 1786 828 1857 vix
856 1786 1105 1882 prominentes,
1122 1786 1256 1881 figurae

236 1907 361 1991 variae,
378 1904 613 2000 inaequaliter
628 1904 748 2000 sparsi,
766 1903 888 1998 spatiis
904 1903 1098 1998 interjectis
1122 1902 1257 1977 decolo-

235 2024 342 2110 ribus,
354 2024 393 2096 in
406 2046 578 2119 squamas,
597 2022 620 2092 i.
637 2045 666 2094 e.
684 2016 882 2094 cuticulam
895 2020 1083 2108 evolutam,
1097 2019 1254 2095 desituri.

440 2322 510 2386 cL.
541 2321 770 2386 RUBEOLA
793 2321 1044 2387 VULGARIS.

296 2504 837 2578 DEF1N1r1o.-Inflammatio
853 2506 1079 2578 membranae
1094 2529 1256 2580 mucosae

235 2620 409 2696 canalium
426 2617 648 2712 spiritalium,
666 2620 828 2711 contagio
844 2619 899 2686 sui
916 2618 1024 2687 simili
1041 2630 1128 2702 orta,
1145 2621 1254 2692 semel

234 2737 388 2831 aliquem
418 2732 596 2816 affectura,
614 2742 774 2803 secuturo
802 2732 926 2801 rubore
953 2731 1254 2822 exanthematico,

237 2875 369 2949 aspero,
388 2852 443 2922 sui
458 2848 607 2945 generis,
624 2832 664 2922 et
677 2848 716 2920 in
733 2871 895 2945 squamas
911 2845 1077 2921 desitum.

687 3066 798 3109 amun.

276 3154 340 3217 Hie
354 3153 483 3216 morbus
497 3174 515 3213 e
528 3151 670 3214 colorati
686 3149 782 3236 signis
795 3150 905 3236 incipit
917 3176 926 3225 3
951 3151 1058 3235 qualia
1072 3162 1157 3230 sunt,
1173 3152 1255 3217 oculi

232 3258 320 3321 rubri
340 3268 372 3319 et
391 3255 655 3339 illachrymuntes,
671 3265 916 3317 stemutnmenta
941 3253 1061 3331 crebra,
1076 3254 1256 3335 destillatio,

231 3358 336 3435 tussis,
351 3379 413 3419 vox
428 3378 533 3433 rauca,
550 3355 688 3440 spirandi
702 3356 877 3420 difficultas.
1109 3420 1112 3425 Α

276 3465 398 3541 Quarto
416 3460 468 3524 die
481 3459 531 3522 vel
550 3458 647 3545 paulo
671 3460 779 3537 serius,
795 3473 965 3545 erumpunt
987 3462 1117 3526 rubores
1139 3465 1258 3550 exigui,

232 3565 373 3644 eonferti,
389 3565 444 3628 vix
468 3563 687 3651 prominentes,
710 3562 817 3626 triduo
836 3575 947 3628 exacto
968 3565 1002 3628 in
1025 3587 1171 3650 squamas
1192 3568 1260 3631 fur·

231 3671 295 3734 luri
310 3670 425 3734 similes
440 3669 565 3732 abituri.

274 3776 368 3840 Circa
377 3775 481 3853 finem,
490 3773 553 3837 alvi
567 3773 674 3837 fluxus
687 3774 868 3858 frequenter
883 3774 1073 3859 supervenit,
1084 3774 1256 3842 inflamma-

230 3881 307 3945 tioni
322 3880 518 3943 membranae
532 3901 676 3943 muoosae
689 3876 828 3941 intestini
843 3878 1029 3944 tribuendus
1039 3880 1184 3967 (xcv11);
1200 3905 1257 3948 noc

230 4007 301 4050 raro
312 3983 463 4049 acoedunt
476 3983 578 4047 morbi
592 3983 760 4069 pulmonis,
770 3985 868 4049 veluti
878 3969 1085 4067 Paeomonta,
1096 3989 1255 4063 Ptousa,-

230 4091 280 4156 vel
297 4089 505 4179 Oplotlmlmio.
550 4089 734 4174 Aliquando
745 4091 937 4179 Plalagmooe
951 4091 1035 4157 hune
1050 4095 1197 4161 morbum
1212 4118 1258 4159 se-

230 4196 351 4282 quitur,
367 4215 446 4281 pure
460 4192 542 4259 malo
556 4205 588 4259 et
602 4192 806 4261 foetidissimo
819 4195 933 4262 exinde
946 4195 1037 4263 facto.
