3326 5188
350 622 352 625 ,
409 546 482 613 240
528 594 531 599 <
715 562 771 612 nn
790 560 917 612 Aorno
935 559 1119 612 muruco,

408 737 437 807 si
455 736 543 829 quis,
561 758 695 808 veneno
711 736 847 832 parcius
864 745 1015 831 sumpto,
1031 734 1129 806 lenta
1144 746 1257 808 morte
1274 739 1427 810 absumi»

282 928 285 933 ,
407 863 477 936 tur,
494 862 599 924 notae
614 852 719 947 longe
739 855 815 945 jam
833 850 937 923 dictis
953 850 1089 922 alienae
1104 851 1289 945 prodeunt.
1341 855 1425 927 Hoc

344 1042 348 1047 .
406 968 626 1064 potissimum
649 965 881 1039 'memorabile
909 976 989 1053 est3
1024 976 1141 1039 totum
1170 991 1291 1064 eorpus
1318 992 1425 1064 quam

406 1082 759 1158 maxime'extenuari
776 1096 813 1158 et
830 1086 1012 1156 tabesoere.
1048 1083 1210 1158 Musouli
1225 1099 1367 1159 artuum
1384 1112 1425 1159 eo

405 1226 516 1298 usque
527 1203 698 1294 'tabuisse‘
710 1201 885 1286 videntur,
912 1211 954 1273 ut
970 1202 1031 1272 vix
1055 1211 1119 1274 aut
1140 1227 1187 1274 ne
1203 1204 1264 1274 vix
1280 1204 1424 1298 quidem

404 1322 495 1394 clare
510 1322 605 1393 inter
621 1345 658 1393 se
673 1319 892 1395 discernendi
915 1321 1011 1404 sint3
1039 1329 1076 1392 et
1098 1345 1118 1392 e
1140 1321 1254 1393 rubris
1278 1321 1422 1416 pallent

405 1439 627 1511 Membranis
643 1436 777 1511 aurosis
799 1436 896 1511 latex
911 1462 1001 1533 pene
1017 1438 1126 1512 deest.
1179 1437 1270 1510 Ossa
1285 1422 1424 1535 fragilia

405 1558 559 1633 etsioea
584 1581 628 1629 ex
654 1555 749 1628 facili
772 1554 990 1639 scinduntur,
1019 1553 1117 1626 haud
1142 1579 1239 1628 secus
1264 1582 1304 1629 ao
1327 1559 1423 1630 senio
1512 1550 1515 1553 ⁵

401 1672 576 1747 confectis.
627 1672 859 1763 Ventriculus
887 1683 924 1745 et
957 1673 1167 1745 intestinum
1183 1676 1333 1770 ¹praeter
1361 1700 1423 1748 na-

403 1807 519 1864 turam
548 1801 720 1865 coarotata
745 1792 999 1873 inveniuntur;
1039 1788 1105 1863 hoo
1138 1814 1220 1864 sane
1246 1792 1307 1863 vix
1334 1793 1424 1866 cala·

402 1933 502 1980 mum
535 1908 630 1980 linea
661 1909 778 1980 media
811 1918 1024 2002 exsuperat:
1064 1909 1298 1993 membranae,
1332 1910 1422 1982 soili-

405 2039 470 2110 oet,
504 2027 686 2098 urassiores
720 2035 814 2110 suut,
856 2011 986 2097 canalis
1019 2026 1208 2120 angrutior.
1275 2025 1422 2101 Ventri-

405 2143 505 2216 culus
538 2137 696 2240 partibus
711 2143 847 2214 uicinis
881 2166 983 2237 saepe
1016 2153 1166 2236 praeter.
1185 2141 1327 2214 solitum
1361 2143 1419 2216 ad-

403 2262 547 2347 haeret;
574 2259 668 2355 quod
694 2259 740 2332 od
766 2260 846 2344 alia,
874 2259 979 2331 facies
1008 2262 1083 2353 ejus
1108 2261 1258 2335 exterior
1282 2262 1421 2358 integra

291 2376 294 2380 ’
402 2390 466 2452 est.
527 2375 695 2474 Pyloros
723 2402 764 2450 eo
793 2387 1014 2472 angustatur,
1044 2390 1087 2448 ut
1115 2377 1248 2472 stylum
1278 2389 1420 2453 tenuem

363 2581 364 2584 Ἴ
402 2498 463 2569 vix
492 2497 645 2593 accipere
671 2497 790 2592 possit.
841 2494 967 2571 Facies
984 2494 1169 2566 ventriculi
1194 2497 1345 2587 interior
1363 2496 1420 2570 hic

402 2609 477 2685 illio
504 2625 667 2687 naturam
701 2613 834 2686 laevem
866 2624 904 2684 et
931 2613 1072 2683 rubram
1100 2612 1265 2686 ostendit.
1318 2614 1421 2687 Haeo

402 2730 542 2804 videtur
569 2756 648 2803 esse
669 2730 871 2804 membrana
896 2753 1036 2800 mucosa
1060 2753 1171 2813 nova;
1201 2755 1290 2826 quae
1305 2733 1421 2827 pristi-
1528 2823 1535 2833 .

403 2874 470 2921 nae
487 2860 591 2921 antea
607 2848 765 2920 divulsae
782 2848 856 2919 viee
880 2844 1003 2918 fimeta
1027 2843 1153 2930 fuerat,
1181 2844 1324 2922 homine
1342 2852 1419 2945 jam

403 2971 567 3063 spirante.

410 3271 557 3337 ocnrv.
584 3274 648 3337 nn
671 3274 900 3351 anuroun,
924 3273 1022 3350 Qua
1045 3231 1237 3336 Amnum
1259 3269 1414 3336 muru.

757 3398 860 3461 cum
883 3397 1056 3460 uncum

452 3585 498 3658 In
515 3585 632 3656 animo
649 3581 789 3665 habitis,
816 3604 904 3674 quae
920 3583 995 3674 jam
1014 3578 1058 3650 de
1074 3577 1179 3650 acido
1194 3575 1418 3673 sulprburieo,

401 3702 572 3798 acideque
589 3721 763 3772 orsenoso
779 3698 936 3783 disserui,
951 3697 1050 3780 ratio,
1064 3721 1133 3791 qua
1148 3691 1295 3767 acidane
1311 3692 1420 3764 nitra-
1483 3729 1486 3734 ·

400 3843 482 3892 cum
508 3820 685 3915 ingestum
703 3826 873 3919 venenat„
890 3815 927 3888 iu
953 3814 1068 3912 aprico
1093 3813 1170 3885 erit.
1224 3811 1422 3884 sitantum

401 3942 487 4032 ejus,
499 3928 754 4028 saturrimique,
768 3936 930 4019 sumitur,
944 3943 1117 4028 quantum
1130 3930 1320 4013 hominem,
1333 3954 1418 4025 pau·

400 4057 449 4128 eis
465 4053 558 4124 horis
572 4052 714 4133 exactis,
728 4049 881 4123 occidere
895 4050 1010 4122 valeat
1024 4076 1032 4132 ;
1059 4059 1213 4122 statuere
1229 4046 1312 4119 licet
1328 4070 1418 4118 mor-

398 4193 469 4248 tem
490 4170 637 4243 fabricae
654 4181 791 4239 meatus
808 4167 969 4241 alimenti
984 4165 1051 4239 hoo
1069 4169 1234 4239 acerrimo
1251 4162 1355 4237 acido
1372 4164 1418 4235 oi-

395 4303 434 4363 to
464 4285 662 4372 dissolutae,
682 4310 758 4357 non
786 4284 891 4359 acido
916 4287 1077 4379 absorpto
1103 4296 1139 4356 et
1165 4283 1336 4379 sanguine
1353 4283 1417 4354 oir-
