3276 5194
365 528 421 583 nn
440 505 626 583 vnirrerns
645 528 853 583 incurrens
871 524 1141 581 nurnennno.
1194 510 1266 584 275

247 704 393 792 solvent,
413 706 575 802 (quorum
593 705 754 801 exemplo
771 705 818 778 sit
834 702 981 777 acidum
1005 694 1263 800 mlpduricum

247 831 537 917 meracum);·aut
554 835 627 898 tam
644 825 832 920 insigniter
848 823 970 920 partis,
981 821 1038 894 cui
1055 820 1261 894 admovean-

248 953 317 1026 tur,
334 968 458 1016 nervos
484 943 618 1029 sedent,
644 954 687 1014 ut
712 941 841 1014 exinde
870 950 1018 1013 mortem
1044 940 1264 1035 repentinam

247 1068 432 1132 morcant:
457 1060 552 1131 inter
569 1085 658 1155 quae
674 1058 795 1133 oleum
815 1055 1009 1155 amygdali
1032 1076 1187 1130 amarae
1212 1079 1265 1129 re-

248 1176 459 1249 censendum
479 1198 554 1250 esse
569 1178 719 1251 videtur.

310 1493 443 1557 CCXC.
479 1494 543 1556 DE
566 1494 771 1558 VENENIS
794 1493 1037 1558 PLUMBEIS
1059 1493 1203 1557 DETE-

671 1612 874 1684 GENDIS.'

299 1800 338 1872 Si
365 1804 532 1898 suspicari
559 1802 662 1877 liceat
689 1804 846 1899 quemvis
874 1802 1056 1899 liquorem,
1073 1827 1200 1898 nempe
1217 1800 1268 1872 vi-

249 1944 347 2004 num,
366 1946 492 2017 aquam
510 1931 573 1993 aut
589 1921 705 1994 oleum
722 1947 856 1995 veneno
880 1921 1046 2020 plumbeo
1061 1922 1240 2017 inquinari
1255 1945 1265 2006 ς

248 2035 343 2110 hisce
366 2038 615 2136 experimentis
641 2041 817 2115 institutis
833 2065 1007 2112 venenum
1035 2039 1183 2111 indicari
1206 2063 1268 2134 po·
1355 2028 1360 2039 ’

249 2157 349 2228 terit:

298 2298 332 2345 a.
353 2273 392 2345 si
408 2300 499 2370 aqua
515 2275 748 2347 meracissima
759 2298 854 2371 gase
871 2273 1102 2371 hydrogenio
1117 2270 1271 2372 sulphu-

249 2393 334 2463 rato
349 2391 487 2462 imbuta
511 2382 639 2487 liquori
665 2403 823 2487 suspecto
848 2392 1023 2487 adjicitur,
1040 2406 1167 2466 natura
1190 2393 1271 2463 sub-

251 2506 352 2600 nigra
381 2505 476 2577 illico
505 2531 669 2602 praeceps
699 2505 831 2579 decidit
861 2506 1065 2595 (dummodo
1093 2527 1268 2578 venenum

248 2622 455 2718 plumbeum
490 2623 609 2718 adsit),
643 2624 787 2706 scilicet,
821 2623 1087 2720 solprlruretum-
1113 2621 1268 2721 plruobi.

251 2737 444 2811 Chemieus
461 2749 580 2811 tamen
597 2741 794 2824 acerrimus,
813 2739 982 2825 annn,
1000 2740 1181 2827 contendit
1193 2764 1272 2839 gas

250 2852 522 2951 hydrogenium
538 2854 801 2955 suphuratam
825 2882 895 2930 non
920 2882 1055 2952 semper
1071 2859 1116 2932 ad
1132 2858 1198 2931 hoc
1214 2885 1271 2932 ve-

249 2994 381 3043 nenum
400 2972 635 3069 detegendum
654 2974 787 3058 valere;
812 2976 841 3047 si
858 2975 1056 3071 pauxillum
1074 2979 1150 3071 ejus
1167 2977 1269 3051 adsit

299 3088 329 3162 b.
358 3090 398 3162 Si
414 3088 570 3188 rupidus
595 3099 771 3189 polaenae
794 3104 857 3167 aut
882 3092 994 3168 rodae
1017 3120 1107 3191 aqua
1124 3095 1272 3170 dissolu-

251 3222 329 3283 tum
351 3211 481 3305 liquori
507 3222 667 3306 suspecto
691 3213 866 3307 adjicitur,
884 3217 1005 3287 statim
1022 3215 1138 3310 pulvis
1154 3217 1273 3290 caudi-

252 3329 319 3400 dus
336 3340 373 3400 et
389 3331 504 3423 gravis
521 3329 721 3417 descendit3
746 3332 925 3415 nimirum,
941 3331 1098 3429 codrides
1121 3334 1272 3431 plumbi.

253 3445 337 3518 Hoc
354 3445 636 3541 experimentum
663 3444 773 3518 indici
799 3444 1046 3521 delicatissimo
1069 3451 1273 3523 existiman-

230 3563 337 3658 ‚dum
368 3574 446 3647 est3
481 3586 631 3657 granum
662 3563 755 3634 enirn
785 3566 910 3636 veneni
940 3564 1098 3656 plumbei
1128 3567 1275 3640 unicum

251 3706 438 3777 granorum
457 3691 600 3754 centurn
617 3680 777 3754 millibus
793 3706 904 3778 aquae
920 3683 1131 3757 dissolutum
1149 3686 1198 3759 sic
1215 3711 1274 3784 pa-

254 3799 364 3870 tefieri
381 3809 506 3893 potest.
558 3796 724 3896 Sulpdas
737 3797 883 3898 plumbi
891 3800 1118 3899 dignoscitur,
1128 3805 1275 3902 eoquod

252 3938 324 3985 non
341 3916 385 3985 ab
402 3914 509 3987 acido
522 3914 658 3990 uitrico
673 3917 828 4002 solvitur,
842 3928 951 4016 atque
965 3921 1003 3991 in
1020 3920 1204 4016 plumbum
1221 3924 1275 4022 ip·

255 4054 333 4104 sum
356 4032 481 4105 caloris
504 4035 660 4128 ingentis
683 4048 789 4132 atque
814 4039 971 4111 carbonis
994 4037 1085 4136 ligni
1109 4064 1175 4136 ope
1196 4064 1277 4114 con·
1382 4112 1384 4116 .

255 4153 415 4224 vertitur.
431 4224 433 4229 ,

997 4285 1055 4347 82
1149 4328 1159 4343 ,
