3276 5194
393 529 465 595 304
813 539 868 588 nu
887 537 991 587 omo.
1051 478 1055 484 Ι

390 740 513 811 parum
528 724 590 786 aut
604 712 694 785 nihil
712 711 858 808 proficit,
871 712 940 782 nisi
958 709 1023 781 hoc
1036 732 1169 780 veneno
1181 713 1256 802 jam
1270 723 1411 807 sumpto
1451 740 1454 745 ’
1617 564 1622 779 i

391 834 625 906 admoveatur.
755 897 758 902 .

330 1015 333 1022 .
365 1002 368 1007 -
441 951 610 1045 Plerique
626 949 760 1046 opium,
787 945 989 1044 apoplemin
1008 948 1187 1042 gignenda
1213 952 1343 1020 necare
1361 948 1413 1020 af-

392 1070 554 1141 firmant:
584 1079 690 1163 atque
707 1066 810 1139 fateri
828 1075 975 1160 oportet,
992 1065 1086 1136 mala
1111 1090 1151 1138 eo
1176 1078 1298 1139 exorta
1322 1088 1411 1163 apo-

385 1185 552 1284 plemr'nm
570 1184 666 1257 haud
690 1208 813 1280 parum
831 1182 980 1268 referre3
1007 1207 1146 1278 nempe,
1164 1183 1316 1279 pupillas
1332 1184 1410 1256 luce

391 1306 487 1377 haud
504 1313 703 1386 coarctatas,
726 1302 924 1373 dormiendi
940 1302 1183 1396 cupiditatem,
1206 1312 1303 1374 artus
1319 1327 1410 1375 reso-

389 1424 494 1507 lutos,
527 1424 589 1493 &c
624 1421 707 1518 opio
740 1431 859 1492 vorato
892 1417 1066 1491 hebetatis
1096 1443 1176 1490 cum
1208 1416 1409 1516 apoplemin

388 1540 627 1613 laborantibus
656 1538 856 1611 communia
885 1562 968 1609 esse.
1021 1537 1147 1622 Quum
1172 1561 1253 1610 vero
1281 1538 1409 1611 medici

387 1685 428 1731 ea
452 1684 545 1743 voce,
577 1656 788 1756 apopleoein,
818 1658 873 1727 uti
903 1668 1125 1740 consuerunt,
1155 1682 1224 1752 quo
1248 1660 1408 1730 morbum

388 1780 525 1850 cerebro
550 1801 666 1872 presso
693 1776 853 1849 debitum
872 1775 1094 1870 significent;
1121 1800 1178 1847 me
1197 1777 1329 1871 judice,
1355 1804 1407 1850 sa-

388 1897 460 1968 tius
477 1905 531 1966 est
547 1918 748 1990 proponere,
773 1890 899 1988 opium
915 1891 1080 1978 occidere,
1098 1895 1245 1980 cerebro,
1271 1895 1407 1968 medul-

386 2014 421 2085 la
437 2010 589 2109 apinnli,
616 2011 771 2108 spirandi
788 2011 1033 2082 instrumentis
1056 2022 1093 2083 et
1115 2010 1227 2096 corde,
1252 2038 1314 2107 per
1330 2039 1408 2086 san-

386 2117 530 2227 guinem
557 2156 597 2203 eo
621 2131 810 2213 imbutum,
836 2127 1037 2211 laedendis;
1072 2153 1177 2224 quam
1207 2129 1407 2228 apopleoein

387 2250 572 2322 afferenda.

439 2369 508 2440 Vir
525 2370 675 2441 eximius
696 2370 912 2441 Aulsonus
940 2369 1038 2461 (vide
1055 2378 1076 2409 ‘⁶
1090 2353 1305 2467 Edinburgb
1324 2372 1407 2446 Me·

386 2476 477 2561 dical
497 2488 687 2582 Journal'’)
721 2488 922 2583 exemplum
951 2512 1064 2584 nuper
1088 2487 1200 2561 literis
1225 2491 1406 2564 mandavit

383 2606 460 2704 opii
482 2607 614 2703 largius
639 2607 795 2701 sumpti3
823 2605 916 2701 quod
932 2605 1051 2701 aliqua
1068 2630 1158 2678 nova
1174 2607 1253 2681 luce
1269 2606 1335 2681 hoc
1351 2612 1417 2682 ar-x

384 2737 595 2823 gumentum
620 2725 710 2797 mihi
735 2725 910 2797 illustrare
930 2723 1079 2795 videtur.
1132 2724 1405 2801 Medicamentis

384 2844 581 2917 fortissimis
598 2843 728 2916 frustra
744 2842 788 2915 ad
806 2843 977 2914 vomitum
995 2842 1212 2931 moliendum
1227 2848 1405 2932 concessis,

385 2963 529 3035 demum
548 2960 781 3033 ventriculum
800 2970 875 3031 arte
891 2984 952 3054 per
968 2962 1243 3033 instrumentum
1260 2968 1336 3057 jam
1354 2989 1406 3038 re·

384 3080 497 3152 latum
516 3077 716 3150 vacuefecit.
764 3075 888 3149 Homo
905 3088 1024 3149 tamen
1041 3078 1079 3148 in
1097 3088 1272 3173 stuporem
1289 3081 1405 3153 altum

384 3198 456 3269 labi
474 3198 598 3292 coepit,
616 3222 656 3269 eo
674 3194 768 3290 quod
785 3184 865 3266 vasa
882 3196 1113 3278 absorbentia,
1130 3208 1213 3269 ante
1230 3200 1405 3271 ventricu·
1434 3236 1439 3247 ·

384 3316 458 3386 lum
477 3314 671 3410 depletum,
685 3338 859 3389 venenum
878 3313 1055 3400 tulerant3
1074 3339 1140 3387 nec
1156 3316 1236 3400 nisi,
1249 3318 1404 3412 spirandi

384 3420 629 3507 instrumentis
644 3433 762 3528 plnres
779 3431 879 3505 horas
905 3457 1043 3505 summo
1068 3433 1186 3506 studio
1211 3437 1404 3522 concitatis

383 3579 486 3650 aeger
509 3552 652 3625 tandem
670 3551 831 3623 revaluit.
884 3551 967 3623 Hoc
994 3552 1195 3647 exemplum
1222 3559 1403 3651 permagni

383 3670 585 3743 habendum
611 3669 795 3742 existimo:
822 3682 1015 3742 monstrare
1042 3669 1190 3755 videtur,
1216 3670 1281 3742 hoc
1305 3651 1418 3767 prae--

382 3799 507 3883 potens
525 3811 710 3870 venenum,
736 3785 841 3857 simul
858 3797 964 3881 atque
980 3784 1144 3859 humores
1164 3779 1405 3861 circumfluen-

385 3918 438 3980 tes
454 3906 591 3991 adierit,
617 3906 818 4002 praesertim
838 3906 992 4000 spirandi
1018 3907 1265 3981 instrumentis
1282 3908 1403 3980 sedan-

383 4023 448 4108 dis,
466 4023 559 4094 vitae
575 4022 750 4094 flammam
770 4024 986 4117 extinguere.
