3326 5188
384 466 459 535 232
552 476 556 483 ·
656 478 712 530 ns
731 480 869 535 ncrms
887 478 1146 534 Acmonruus.

499 775 696 840 CCXLIII.
730 776 794 840 DE
818 774 1057 841 REMEDIIS
1077 775 1301 841 UTENDIS

437 954 531 1032 Satis
548 916 720 1053 superque
738 961 815 1052 jam
832 981 1025 1033 memorata
1042 919 1252 1044 ostendunt,
1262 957 1409 1031 murias

386 1062 498 1150 seduc
522 1064 677 1148 remedio
703 1101 777 1148 esse
794 1075 1042 1166 valentissimo,
1061 1066 1191 1187 quippe
1215 1077 1310 1173 quod
1334 1062 1405 1151 non

388 1193 589 1267 solumt
531 1191 572 1263 ni
574 1199 655 1266 trus
684 1194 821 1289 argenti
846 1193 1029 1277 dissociat;
1065 1218 1186 1265 verum
1215 1195 1323 1265 etiam
1352 1219 1407 1266 res

387 1335 478 1415 nnva
498 1309 669 1413 confecta,
698 1308 825 1406 nempe
854 1310 997 1384 murias
1023 1312 1172 1410 argenti,
1192 1314 1289 1384 omni
1306 1321 1407 1384 vacat

388 1430 562 1525 pernicie,
589 1427 761 1523 siquidem
778 1438 892 1529 neque
909 1454 1010 1526 aqua,
1026 1456 1091 1504 nec
1113 1455 1205 1503 succi
1193 1429 1408 1502 ventriculi

390 1546 435 1619 ad
451 1546 489 1619 id
506 1530 711 1620 solvendum
728 1546 858 1620 valent

386 1868 389 1875 ’
505 1861 692 1930 CCXLIV.
725 1862 789 1928 DE
813 1861 975 1929 ACIDIS
998 1865 1297 1931 ACRIORIBUS.

362 2104 364 2109 .
441 2045 504 2118 Ex
520 2047 664 2119 venenis
686 2048 858 2132 omuibus,
890 2071 978 2143 quae
1007 2049 1218 2121 membranis
1246 1996 1410 2123 roilendis

389 2174 528 2250 nocent,
544 2163 677 2236 nulla
662 2189 745 2258 pure
759 2165 896 2237 meliori
913 2175 1057 2249 terrent,
1075 2189 1180 2261 quarn
1197 2164 1307 2239 acida
1323 2169 1403 2240 acri·

390 2307 458 2354 ora.
511 2281 633 2366 Quam
650 2280 827 2353 celerrime
850 2283 945 2353 enim
971 2293 1108 2362 meatus
1125 2268 1286 2357 alimenti
1302 2281 1407 2357 fabri-

390 2423 466 2472 cam
495 2398 667 2483 diruunt3
694 2408 905 2493 anteaquam
935 2399 1071 2473 medico
1100 2401 1255 2473 remedia
1282 2401 1409 2495 idonea

391 2517 541 2612 experiri
569 2515 684 2588 liceat.
745 2514 881 2589 Tantos
910 2517 1016 2589 simul
1042 2519 1216 2591 eruciatus
1245 2519 1408 2605 afferunt,

390 2646 443 2720 ut,
459 2659 518 2706 me
541 2632 673 2728 judice,
689 2657 794 2706 neme
809 2633 879 2706 nisi
895 2659 1034 2707 summa
1050 2635 1258 2709 crudelitate
1274 2637 1409 2734 praedi-

350 2754 353 2757 ’
390 2761 460 2836 tus,
478 2749 600 2822 eadem
621 2748 753 2850 belluis
770 2752 970 2824 ministrare
985 2754 1106 2848 possit,
1124 2778 1194 2849 quo
1210 2754 1336 2827 melius
1354 2770 1410 2827 eo'-

389 2893 469 2942 rum
486 2868 658 2940 actionem
680 2866 869 2965 intelligat.
922 2868 1098 2953 Quamvis
1114 2872 1271 2942 omnium
1289 2871 1409 2953 acido-

389 3011 476 3059 rum
501 2985 671 3057 acriorum
696 3009 882 3057 commune
898 2996 961 3069 est,
979 2984 1215 3057 ventriculum
1231 2998 1338 3082 atque
1354 2991 1410 3060 in-

388 3105 561 3178 testinum
574 3126 680 3198 quam
692 3102 868 3176 celerrime
883 3103 1026 3176 rodere.
1044 3127 1125 3174 cum
1145 3116 1265 3176 tamen
1282 3106 1408 3200 cuique

390 3222 484 3295 actio
510 3218 766 3316 quodammodo
798 3223 938 3318 propria
970 3222 1157 3318 contingit,
1187 3221 1232 3364 de
1260 3223 1410 3319 singulis

391 3361 493 3433 agere
508 3339 548 3410 in
564 3338 682 3411 animo
699 3349 762 3411 est.

491 3656 684 3757 ⁴CCXLV.
719 3655 783 3720 DE
808 3657 956 3721 ACIDO
979 3654 1296 3721 SULPHURICO.

438 3830 523 3908 Hoc
552 3858 720 3909 nemum
749 3836 935 3934 liquidum,
962 3838 1000 3910 id
1029 3849 1093 3923 est,
1119 3863 1211 3934 aqua
1239 3849 1409 3926 saturum,

390 3951 485 4047 apud
521 3950 707 4027 hodiernos
745 3975 1209 4028 Hunno-suneuunrcum
1243 3969 1411 4030 vocatur:

388 4091 479 4165 pene
495 4065 632 4154 decolor
648 4080 713 4156 est,
730 4081 767 4140 et
783 4069 899 4142 oleum
918 4072 1031 4167 specie
1047 4072 1177 4145 refert:
1204 4074 1233 4144 si
1250 4073 1407 4170 aliquan·

387 4196 466 4258 tum
492 4180 660 4258 curbcnii
681 4185 747 4256 sibi
764 4189 960 4274 attraxerit,
978 4188 1017 4260 id
1033 4188 1126 4284 quod
1152 4214 1254 4286 saepe
1271 4191 1410 4276 accidit,
