3342 5208
296 566 447 636 'bb'

774 583 1047 642 DIARRHOEA„

248 788 267 803 e
374 752 383 805 ³
399 759 527 829 virium
545 757 732 830 fractarum
749 766 864 840 notae,
878 757 945 839 nti,
958 757 1050 868 cutis
1066 752 1209 825 madida
1224 763 1261 826 et
1278 754 1421 850 gelidat:

401 876 493 949 oculi
510 876 610 973 lapsi,
627 875 813 971 palpebrae
829 874 989 945 liventes.

463 995 508 1056 N.
525 993 807 1057 B.-Crronnnnn
824 993 992 1069 Inorcnn,
1015 1012 1076 1053 non
1092 990 1191 1053 veluti
1209 980 1342 1075 speciem
1356 982 1426 1052 elios

549 1101 643 1174 terne,
668 1099 723 1161 sed
743 1097 889 1160 morbum
912 1097 960 1181 sui
985 1097 1107 1183 generis
1132 1097 1301 1182 proposui:
1338 1096 1429 1180 signe

550 1206 632 1268 enim
651 1205 718 1290 jem
739 1204 837 1267 relata
860 1203 934 1265 satis
955 1202 1068 1266 docent
1082 1202 1141 1266 hoc
1156 1203 1274 1265 malum
1287 1202 1427 1264 cholerae

552 1310 713 1375 Britannis
741 1309 871 1372 infestae
896 1329 1024 1393 prorsus
1053 1309 1189 1370 alienum
1215 1330 1288 1370 esse.
1345 1305 1426 1369 Vide

550 1415 642 1501 Disp
660 1419 772 1500 Ineug.
790 1414 830 1477 de
845 1413 979 1478 Cholera
994 1413 1115 1490 Indico,
1137 1426 1263 1476 auctore
1276 1414 1429 1476 Grunn-

551 1542 600 1584 no
615 1522 780 1587 Hrnmeo
796 1522 926 1596 Eoors,
946 1517 1127 1603 Edinburgi
1148 1539 1230 1580 anno
1245 1537 1425 1581 nococxxv

551 1626 674 1689 editam.
721 1625 785 1688 Hic
804 1623 944 1710 medicus
959 1624 1126 1687 acerrimus
1140 1633 1229 1686 notat
1244 1621 1428 1708 sanguinem

552 1731 686 1794 Cholera
702 1730 815 1794 Indica
829 1731 1015 1814 absumptis,
1037 1729 1124 1792 haud
1147 1751 1239 1792 secusr
1258 1738 1354 1813 atque
1375 1749 1427 1789 ve-

551 1856 631 1898 neno
652 1836 777 1912 necetis,
801 1857 863 1897 non
884 1858 940 1897 sna
956 1846 1065 1919 sponte
1079 1855 1291 1897 concrescere:
1314 1832 1429 1895 multe-

552 1960 615 2022 que
630 1938 719 2023 signn
731 1939 806 2001 hnic
820 1940 903 2001 malo
917 1961 990 2001 cum
1010 1939 1082 2017 isto,
1105 1939 1192 2036 quod
1212 1959 1431 2024 cyarmgennm

552 2045 602 2106 vel
616 2045 742 2107 acidum
756 2045 1032 2130 hydrorynnr'cnm
1045 2045 1203 2130 ingestum
1217 2043 1322 2120 infert,
1345 2065 1430 2106 oom-

552 2149 659 2212 munia
673 2172 754 2213 esse:
778 2149 912 2212 affirmat
925 2173 1030 2235 porro,
1053 2152 1195 2215 Jonnms
1212 2152 1338 2226 DAvro,
1361 2171 1426 2210 me-

551 2255 622 2318 dico
636 2256 837 2320 scientissimo
851 2255 962 2334 fretus,
980 2257 1114 2321 Cholera
1129 2258 1242 2319 Iod‘reo
1256 2255 1365 2340 plexos
1379 2255 1429 2314 irr-

553 2370 601 2421 ter
611 2360 818 2445 expirandum
830 2383 931 2445 nequo
941 2362 1048 2423 minus'
1056 2361 1139 2423 acidi
1154 2361 1310 2423 corbertini
1325 2380 1429 2421 excer-

552 2487 633 2528 nere.
680 2467 804 2544 Quibus
823 2467 968 2530 omnibus
991 2467 1162 2553 perpensis,
1183 2466 1308 2553 conjicit
1332 2466 1432 2550 hujus

474 2634 478 2640 ,
551 2571 653 2633 morbi
678 2593 803 2635 causam
826 2573 1035 2635 continentem
1058 2593 1124 2635 esse
1147 2593 1265 2662 corpur,
1282 2570 1433 2633 cartonio

552 2685 581 2740 et
595 2679 871 2766 nitrogeniojnrto
886 2680 1037 2742 notorior.

678 2955 823 3019 XCVII.
856 2958 1153 3023 DIARRHOEA.

454 3137 847 3212 Dnr1N1r10.-Aivi
863 3138 1075 3235 dejectiones
1099 3154 1236 3240 praeter
1260 3155 1424 3221 naturam

406 3256 561 3351 copiosae
578 3264 614 3326 et
630 3253 797 3352 liquidae.

829 3493 1001 3545 srncms.
1096 3475 1097 3485 ’

452 3612 487 3659 α.
515 3586 944 3683 InrornrnrcA,-quae
970 3614 1014 3660 ex
1040 3591 1175 3661 actione
1200 3592 1366 3665 fibrarum
1388 3607 1427 3669 et

404 3730 564 3777 vasorum
589 3708 748 3790 incitata,
766 3707 870 3779 variis
887 3706 1126 3792 irritamentis,
1143 3733 1297 3796 accensa,
1315 3714 1426 3785 nasci·

405 3832 473 3893 tur.

454 3935 485 4008 b.
512 3939 987 4039 &timoremve-quae
1000 3968 1045 4025 ex
1054 3946 1145 4017 vasis
1162 3955 1199 4018 et
1215 3946 1311 4020 fibris
1328 3949 1424 4021 laxa-

404 4057 451 4128 tis
467 4058 639 4152 originem
661 4060 782 4134 ducit:
809 4062 921 4158 qualis
944 4087 1071 4160 nempe
1088 4062 1263 4138 Pttttrm
1279 4064 1356 4163 pul
1409 4113 1427 4127 -

403 4174 534 4261 nalem,
561 4177 741 4250 Morbum
766 4183 969 4268 onerarium,
995 4183 1106 4256 febres
1123 4184 1306 4281 malignas,
1323 4185 1424 4258 elios-

390 4319 473 4394 wque
490 4297 637 4383 morbos,
655 4297 699 4370 ad
717 4310 865 4372 mortem
877 4306 953 4396 jam
972 4303 1188 4397 praecipites,
1208 4303 1406 4376 comitatur.
1479 4380 1482 4387 ,
