3342 5208
684 615 858 668 aarum.
1235 600 1282 672 93

411 805 514 867 eruor,
529 787 665 873 diruptis
679 789 776 865 venis,
790 789 824 850 in
838 787 985 851 cavernas
1007 788 1087 853 telae
1105 785 1285 850 retiarlatae

410 893 566 971 funditur,
581 895 760 978 oniflatola
775 894 865 979 sequi
880 895 1048 958 oonsueiit.
1306 884 1308 889 ⁵

340 1054 344 1065 .
370 1000 501 1063 'l'ubera
516 999 643 1063 secundi
657 999 778 1086 generis
791 1000 860 1083 (Β.)
873 1019 933 1062 ano
944 1022 1070 1085 quoque
1083 1000 1157 1084 plus
1171 999 1287 1062 minus-

414 1127 452 1166 ve
466 1106 591 1169 distant.

519 1309 621 1353 slona
635 1308 825 1358 urrnnsoun
842 1308 1033 1355 consumma.
1171 1354 1174 1361 ,

304 1397 412 1472 Initio,
432 1396 542 1481 capitis
565 1396 703 1482 gravitas
725 1408 756 1459 et
780 1397 880 1475 dolor,
895 1396 1027 1481 vertigo,
1048 1396 1148 1482 caligo
1171 1409 1202 1462 et
1225 1399 1287 1462 alia

260 1503 413 1588 ejusmodi
428 1513 548 1567 tentant
560 1529 569 1577 ;
594 1525 699 1588 porro,
721 1503 806 1565 dorsi
821 1515 852 1565 et
866 1503 1048 1565 lumborum
1063 1501 1162 1581 dolor,
1177 1504 1287 1567 ambu-

260 1607 354 1670 lando
369 1619 401 1671 et
415 1607 586 1692 equitando
600 1606 811 1670 exacerbatus.
858 1610 935 1670 Huo
949 1606 1101 1669 accedunt
1116 1606 1178 1670 alvi
1193 1609 1290 1671 tardi-

261 1700 319 1791 ta's,
335 1715 424 1776 dolor
441 1714 524 1776 inter
535 1711 762 1799 dejiciendum,
777 1711 829 1774 ani
844 1710 937 1773 ardor
951 1722 982 1774 et
996 1711 1148 1796 pnuitus,
1164 1724 1195 1776 et
1209 1713 1287 1776 min-

260 1817 354 1903 gendi
369 1813 544 1881 difficultas

300 2005 341 2066 A
366 2005 654 2067 Hannonanoms
678 1988 842 2068 raaloosa
865 2014 1006 2089 urgente,
1027 2003 1177 2090 venisque
1202 2017 1286 2070 exte-

259 2106 395 2170 rioribus
409 2106 537 2183 affectis‚
553 2109 666 2172 tubera
680 2107 776 2171 livida
790 2120 821 2171 et
836 2108 974 2171 dolentia
987 2107 1069 2170 circa
1083 2131 1178 2171 anum
1193 2110 1287 2194 prod-

259 2212 345 2289 eunt,
358 2235 376 2274 e
390 2213 508 2298 quibus
521 2235 614 2276 cruor
629 2233 719 2297 saepe
734 2211 850 2276 effluit:
867 2212 955 2275 venis
968 2222 1074 2275 autem
1089 2211 1288 2275 interioribus

258 2318 423 2403 ampliatis,
437 2340 530 2381 cruor
543 2342 583 2382 ex
598 2341 658 2381 ano
674 2339 764 2403 saepe
780 2319 886 2395 stillat,
896 2319 975 2382 citra
988 2319 1100 2381 tubera
1113 2318 1212 2381 oculis
1226 2319 1289 2381 evi-

260 2423 383 2496 dentia3
408 2422 560 2509 dolorque
574 2424 735 2510 aliquanto
749 2424 848 2486 lenior
862 2424 989 2513 cruciat.

302 2604 340 2666 Β.
364 2590 643 2668 Hannoaanoim
667 2626 797 2668 concas
813 2605 919 2668 eadem
947 2606 1036 2689 signa
1060 2606 1218 2681 eveniunt,
1234 2627 1286 2668 ex-

259 2722 350 2797 eepto
366 2710 525 2796 sanguinis
538 2711 638 2773 fluxu.

304 2816 482 2896 Interdum,
490 2818 550 2880 hoc
560 2815 717 2902 profluvio
732 2815 837 2881 subito
851 2817 1038 2902 quiescente,
1047 2828 1215 2904 postquam
1229 2818 1285 2881 diu

256 2923 469 3007 permanserit,
485 2925 653 3010 apoplexia
674 2923 872 3009 supervenit3
896 2924 982 3002 alias,
998 2947 1109 2989 cursus
1124 2923 1285 3010 sanguinis

256 3050 273 3090 e
288 3028 426 3106 naribus,
442 3030 616 3094 ventriculo
631 3040 687 3093 aut
701 3029 851 3115 pulmone
866 3031 991 3094 accedit.

507 3310 510 3315 Ι
610 3360 696 3421 CIV.
730 3361 928 3423 HERNIA.

308 3538 740 3614 DnF1N1T10.-Viscus
756 3565 776 3611 e
790 3541 869 3612 sede
886 3542 1035 3636 propria,
1048 3567 1109 3636 per
1125 3542 1278 3639 aliquem

256 3658 406 3745 hiatum,
417 3658 628 3754 prolapsum,
638 3658 895 3753 integumentis
906 3660 1160 3747 communibus
1172 3642 1279 3755 atque

259 3777 374 3851 multo
405 3777 605 3873 saepissime
635 3776 839 3864 membrana
867 3797 1005 3869 serora,
1038 3777 1111 3859 sedi
1129 3779 1279 3859 >viseeris

257 3895 409 3991 prolapsi
427 3896 659 3989 circumjecta,
678 3886 956 3968 obducentibus(

308 4087 488 4161 Hnaura
499 4089 623 4172 variat,
641 4114 703 4186 pro
716 4090 851 4163 ratione
863 4090 982 4165 hiatus
994 4092 1049 4166 vel
1063 4095 1204 4179 canalis,
1217 4118 1279 4190 per

256 4230 361 4302 quem
380 4207 495 4279 vissus
511 4205 726 4303 prolabitur:
754 4208 856 4282 Hinc
874 4221 1025 4295 vocatur,

303 4347 339 4396 a.
369 4322 549 4398 Harma
581 4344 848 4413 monmams,
877 4328 949 4400 sive
979 4325 1278 4414 Bonorocnnn,
