3326 5188
353 488 426 552 252
526 501 581 552 na
601 500 729 553 Aemo
746 499 931 551 oxameo
951 493 1222 551 mersamine.

355 820 542 883 CCLXIV.
577 821 641 884 DE
664 818 812 883 ACIDO
836 815 1377 882 OXALICODETEGENDO.

403 1042 449 1089 ac
465 1016 504 1090 si
520 1016 648 1113 liquori
661 1014 860 1102 *ventriculo
882 1014 1041 1088 defuncti
1068 1014 1240 1086 subducto
1265 1013 1377 1084 colato

355 1158 476 1207 succus
504 1133 647 1230 plantae
677 1131 854 1204 eoemleae
888 1131 1045 1226 adjectus
1074 1131 1235 1227 protinus
1264 1130 1377 1212 rubet,

350 1255 431 1346 jure
447 1251 622 1347 quoddam
640 1247 831 1323 (isidorum
848 1251 986 1322 subesse
1005 1250 1231 1345 suspicamur.

407 1366 438 1440 b.
475 1368 514 1441 si
547 1367 659 1442 eidem
694 1366 893 1439 affunditur
926 1364 1069 1440 erramus
1098 1366 1226 1452 caleis;
1257 1367 1379 1439 statim

354 1501 518 1582 praeceps
551 1484 645 1558 eadit
676 1481 809 1557 arculas
850 1483 963 1570 caleis,
1005 1483 1196 1558 dummodo
1233 1481 1381 1555 acidam

355 1601 541 1676 oxalicam
558 1601 660 1674 adsit.
697 1601 823 1687 Quum
841 1626 921 1674 vero
937 1599 1092 1697 salphae
1109 1599 1211 1673 caleis
1228 1600 1380 1673 eundem

358 1720 424 1791 sibi
442 1719 589 1792 colorem
607 1717 760 1816 praefert
776 1743 880 1813 quem
902 1716 1035 1792 omalas
1052 1717 1165 1800 caleis,
1193 1717 1378 1814 paululum

358 1836 458 1911 acidi
484 1836 609 1911 sitrici
634 1839 810 1932 adjectum
836 1836 1012 1911 medicum
1038 1838 1219 1910 certiorem
1236 1836 1379 1922 reddet3

359 1953 492 2028 amalae
508 1957 601 2028 enim
629 1955 732 2026 calcis
757 1954 823 2026 hoc
839 1952 986 2026 acidam
1003 1957 1118 2040 solvit,
1143 1953 1294 2053 salmam
1321 1980 1382 2050 pa-

359 2097 437 2144 rum
454 2083 583 2146 mutat.
623 2071 747 2171 Quum
765 2096 865 2168 porro
882 2070 1075 2158 carbones,
1089 2071 1286 2172 phospleas,
1305 2080 1382 2145 tar·

361 2199 443 2264 tras
455 2201 561 2286 atque
574 2188 689 2262 citras
699 2189 801 2261 caleis
814 2187 910 2261 haud
923 2215 1020 2262 secus
1034 2201 1141 2287 etque
1151 2188 1292 2275 ooealas,
1303 2216 1383 2263 can-

359 2310 443 2383 dida
460 2322 554 2395 sunt,
580 2334 695 2404 neque
720 2334 811 2405 aqua
836 2309 1077 2396 dissolvenda3
1104 2336 1174 2407 quo
1189 2312 1308 2383 minus
1324 2311 1383 2383 de-

361 2429 542 2525 cipiamur,
568 2426 766 2523 pauxillum
783 2426 883 2499 acidi
900 2427 1088 2501 muriatiei
1111 2430 1161 2502 rei
1178 2431 1384 2526 praecipita-

362 2559 420 2621 tae
437 2548 585 2643 adjicere
602 2571 689 2643 opus
706 2547 794 2620 erit:
813 2547 914 2642 'quod
931 2548 1053 2620 statim
1070 2546 1263 2633 carbones,
1278 2547 1384 2645 phos-

356 2665 458 2766 plms
480 2678 586 2762 atque
612 2671 758 2738 taetras
781 2665 884 2738 caleis
908 2666 1089 2740 dissolvit:
1114 2664 1248 2740 orralas
1265 2678 1383 2740 autem

361 2811 432 2859 non
450 2786 568 2871 afficit,
586 2786 654 2857 nisi
673 2782 882 2870 tardissime,
910 2788 1110 2881 aegerrime,
1139 2797 1177 2859 et
1194 2787 1292 2882 eopia
1309 2812 1385 2882 per·
1427 2823 1434 2830 2

362 2928 491 3000 magna
507 2902 677 2976 adhibita.

426 3048 455 3095 c.
487 3022 527 3094 Si
556 3022 684 3116 liquori
714 3048 734 3094 e
762 3022 957 3095 ventriculo
987 3014 1137 3094 deducto
1167 3021 1279 3094 colato
1308 3020 1384 3093 sul-

358 3139 459 3240 phas
487 3140 586 3235 cupri
618 3139 829 3212 dissolutum
862 3138 1089 3224 infunditur„
1109 3137 1243 3212 osaias
1276 3142 1385 3234 cupri,

365 3259 487 3334 eoloris
511 3259 605 3330 inter
630 3257 748 3331 album
777 3270 815 3332 et
844 3258 1042 3331 coeruleum
1072 3245 1192 3345 medii,
1210 3257 1383 3354 deJieitur.

366 3362 546 3463 Quoniam
572 3374 787 3450 ventriculus
811 3375 990 3447 interdum
1010 3373 1223 3472 phosphore
1250 3388 1287 3449 et
1306 3399 1388 3448 aar·

366 3495 501 3570 benaia
519 3496 688 3580 continet,
713 3493 939 3566 manifestum
959 3506 1011 3566 est
1028 3491 1184 3591 salphae
1201 3495 1298 3590 cupri
1316 3495 1388 3565 effi-

365 3640 442 3688 cere
464 3638 563 3713 posse
588 3623 630 3684 ut
647 3609 829 3685 carbones
846 3617 910 3685 au't
932 3610 1119 3708 pharphar
1136 3613 1234 3707 cupri
1260 3612 1387 3683 demis

367 3744 474 3805 tatur.
526 3730 632 3803 Haee
647 3754 728 3803 vero
745 3731 790 3800 ab
805 3727 954 3802 oxalate
971 3729 1069 3824 cupri
1086 3726 1183 3800 haud
1198 3753 1300 3823 aegre
1318 3728 1387 3800 dis-

367 3859 576 3922 cernuntur:
602 3844 750 3919 acidam
767 3848 860 3919 enim
887 3845 1122 3941 muriaticam
1145 3843 1328 3920 carbones
1352 3862 1387 3920 et

289 4040 294 4049 ,
362 3963 554 4066 pharphar
583 3966 683 4061 cupri
709 3964 897 4050 dissolvit3
932 3964 1065 4038 ooealas
1094 3975 1225 4051 autem,
1256 3990 1386 4062 nequa-

367 4107 484 4180 quam·
818 4168 821 4173 ⁴

418 4200 453 4274 d.
482 4199 521 4275 si
543 4200 670 4295 liquori
692 4204 767 4295 jam
794 4212 985 4275 memorato
1010 4201 1153 4275 additur
1183 4200 1307 4275 mitras
1336 4225 1389 4272 ar-
