3326 5188
397 584 618 652 nxrnrosra
635 587 857 647 aroulsoon
877 588 982 641 rnna:
1002 588 1193 641 nxoums.
1243 576 1316 643 215

293 757 446 845 hibetur,
464 763 590 834 autad
606 764 736 836 morbis
754 762 979 846 medendum,
997 762 1121 836 autad
1139 787 1314 836 venenan-

289 878 402 950 dum:
428 877 547 952 acidia
571 891 691 954 tamen
719 880 926 975 adjunctum
952 883 989 954 in
1017 880 1105 954 caleo
1128 883 1314 955 acenimoe

289 998 517 1081 convertimur,
534 998 800 1093 valetudinique
817 997 989 1070 secundae
1006 997 1159 1070 luendae
1177 1010 1243 1073 aut
1259 998 1314 1071 di-

291 1113 444 1185 ruendae
460 1114 669 1208 aptissimos,
695 1140 757 1210 pro
773 1114 998 1189 ministrandi
1014 1116 1159 1189 ratione.
1212 1115 1314 1190 luter

196 1327 200 1341 ι
243 1258 247 1263 ·
291 1229 357 1303 hoa
380 1232 572 1327 praepollet
602 1254 792 1307 annonas
817 1254 1053 1307 nummorum
1084 1256 1138 1306 nn
1171 1256 1313 1308 roras·

290 1369 391 1420 sunu
417 1350 461 1422 de
477 1354 763 1448 quoproximum
779 1364 845 1437 eat,
861 1363 905 1425 ui
921 1376 1031 1447 pauca
1048 1377 1230 1447 exponam.

353 1584 424 1656 Du
450 1608 675 1659 raumara
699 1607 937 1659 nunruourr
964 1606 1017 1659 nn
1045 1606 1311 1675 occassum-

194 1766 197 1770 .
290 1698 368 1772 Hic
394 1703 445 1774 sal
462 1707 539 1798 jam
562 1705 626 1777 diu
648 1705 793 1778 medicis
809 1705 988 1779 innotuit:
1014 1712 1121 1798 atque
1138 1724 1183 1774 ex
1199 1705 1310 1775 omni-

289 1819 357 1891 bua
372 1818 479 1916 hujus
495 1821 631 1895 metalli
649 1823 779 1896 rabbus
795 1822 1005 1897 utilissimus
1020 1832 1084 1893 est.
1136 1819 1313 1905 Quamvis

287 1936 354 2011 diu
369 1939 497 2012 medici
515 1943 626 2012 couti
644 1953 867 2025 consuerunt,
884 1941 929 2013 dc
946 1943 1021 2034 ejus
1038 1947 1166 2009 natura
1179 1935 1311 2011 elcem-

289 2079 334 2128 co
348 2056 412 2128 alii
428 2058 714 2133 alitercentiunt.
765 2058 951 2153 Plerisque
963 2056 1016 2129 sal
1024 2055 1159 2149 triplex·
1170 2079 1243 2127 eece
1257 2056 1312 2127 vi-

287 2174 415 2261 detum
443 2176 480 2248 id
498 2188 552 2249 est
569 2203 614 2249 ex
629 2174 735 2249 acido
750 2173 932 2248 tortorico
947 2197 1028 2246 cum
1046 2181 1174 2245 natura
1189 2171 1309 2265 dupli-

288 2293 332 2375 ci,
347 2300 499 2386 potoaao
516 2306 622 2389 atque
637 2298 761 2390 oaydo
777 2289 982 2376 uatimoaia
1000 2289 1140 2363 sociato.
1179 2288 1308 2361 Potiru

288 2409 333 2481 iis
349 2410 529 2496 assentior,
544 2414 608 2506 qui
622 2394 887 2509 coopertartroa
896 2416 1072 2505 poenosae
1085 2405 1186 2479 acidi
1199 2408 1310 2480 since·

256 2554 258 2557 ·
289 2526 320 2595 ri
346 2527 421 2597 vice
447 2527 612 2622 perfungi
642 2529 853 2622 opinantur:
879 2524 1101 2599 contendunt
1126 2525 1222 2596 enim
1246 2546 1312 2596 aco-

280 2648 501 2736 pertortraa
514 2649 688 2738 potoaaoa
701 2641 817 2712 multa
830 2638 969 2734 cocytia,
982 2663 1054 2711 non
1067 2637 1176 2713 acido
1190 2643 1312 2709 torto-

287 2757 366 2832 rico
381 2761 450 2857 ipsi
467 2759 642 2843 solvenda,
666 2758 853 2831 dissolvere
881 2783 1004 2853 posse:
1027 2758 1066 2828 ni
1090 2756 1176 2827 baec
1189 2756 1310 2850 opinio

285 2901 345 2949 cos
361 2877 497 2964 fefellit,
515 2879 674 2973 seqnitur
689 2883 951 2973 wperlortrur
961 2858 1147 2972 peioraue,
1158 2873 1310 2969 ⁴quotieu

285 2992 410 3089 orcydo
426 2992 631 3078 ontimonii,
649 2993 703 3066 vel
720 2993 800 3065 aliis
816 2990 950 3089 oxydia
968 2990 1186 3086 adjungitur,
1210 2988 1308 3062 baud

286 3119 406 3210 inepte
416 3112 580 3185 Acidalia
590 3111 986 3210 patuaro-tartaricum
998 3110 1195 3182 nominari:
1212 3106 1308 3179 ideo-

284 3256 354 3326 que
381 3231 500 3314 saleru,
527 3254 631 3324 quem
657 3253 854 3324 prosequor,
883 3252 956 3299 esse
986 3226 1308 3298 Poturae-tarinae

286 3345 493 3419 antimoaii.
539 3346 671 3439 Aquae
688 3345 893 3440 purissimae
908 3344 1092 3415 bullientis
1108 3342 1218 3414 librae
1236 3352 1306 3414 tres
1441 3340 1445 3345 ’

287 3487 397 3534 unam
422 3459 528 3557 hujus
554 3460 636 3532 salis
661 3462 813 3544 libram3
841 3482 963 3554 aquae,
980 3462 1080 3551 cujus
1094 3456 1307 3557 xtemperiem

284 3581 417 3677 gradus
430 3594 548 3652 ΠΜ
563 3579 792 3664 instrumenti
806 3574 1086 3648 Fahrenheitani
1105 3572 1250 3656 indicat,
1262 3571 1307 3642 li-

286 3702 368 3774 brae
386 3719 444 3772 xv
460 3723 567 3773 unam
586 3697 741 3792 ejusdem
760 3696 896 3778 libram,
914 3690 1100 3765 dissolvere
1117 3688 1248 3762 ualent.

336 3817 377 3889 si
392 3817 570 3890 crucibulo
594 3814 751 3887 inclusus
775 3811 889 3897 fictili,
914 3810 1036 3906 prunis
1063 3808 1228 3894 admotis,
1253 3808 1307 3878 in-

282 3934 471 4019 candescit,
505 3936 542 4005 in
573 3932 815 4007 acrimoniam
843 3933 960 4028 ipsum
989 3940 1026 4002 et
1055 3924 1307 4002 subcarboaoa

281 4059 453 4151 peioraue
485 4052 669 4148 redigitur,
704 4050 854 4124 evolutis
887 4046 992 4122 acmo
1024 4044 1228 4129 corbonaco,
1269 4053 1306 4115 ct

287 4196 397 4268 aquae
414 4197 548 4268 vapore.

735 4316 752 4361 a
