3342 5208
387 565 458 638 106
541 581 1238 640 enarrantisvemens-arsurum.

385 770 483 833 orta:
523 758 636 855 qualis
663 757 854 856 Purpura
878 758 1194 857 memmrtags'ca,
1222 756 1401 847 scordalo,

388 888 450 949 aut
466 876 561 949 febre
577 875 652 949 ulla
667 876 824 971 maligna
840 878 1102 971 aegrotantibus
1118 880 1302 974 contingit

683 1141 846 1208 CXXIV.
870 1144 1100 1208 CYSTITIS.

382 1340 387 1345 “
435 1324 912 1435 nimmia-Pyram:
946 1327 1098 1422 regionis
1118 1322 1402 1423 typogostriooe

388 1446 501 1521 tensio
532 1456 569 1518 et
601 1443 721 1516 dolor:
756 1442 941 1540 mingendi
974 1442 1185 1516 difficultas:
1224 1442 1403 1519 interdum

386 1564 489 1636 urina
505 1561 647 1634 omnino
664 1583 865 1656 suppressa:
893 1565 1082 1632 tenesmos.
1326 1562 1329 1567 ‘

436 1677 1401 1756 Causaeonrmnns.-Infiammatiovesicaeacuta.
1538 1720 1541 1724 -

544 1941 686 2004 CXXV.
710 1941 1003 2007 CATARRHUS
1026 1943 1236 2006 VESICAE.

436 2122 784 2197 Densum-111
802 2124 994 2198 senioribus
1011 2137 1048 2196 et
1058 2122 1297 2198 valetudinem
1309 2127 1403 2200 labe-

386 2241 536 2327 factatis,
554 2266 656 2337 saepe
671 2240 888 2326 artbritieis,
906 2242 978 2314 sive
994 2241 1184 2327 calculosis,
1196 2268 1315 2317 cursus
1332 2248 1403 2317 uri-

385 2381 452 2432 nae
477 2358 610 2454 pituita
635 2357 764 2431 visoida
784 2361 910 2435 mistae
934 2382 1070 2454 pareus,
1096 2358 1248 2431 difficilis
1273 2371 1310 2432 et
1335 2359 1402 2434 fre-

387 2497 521 2570 quens:
547 2471 645 2545 dolor
670 2475 815 2548 obtusus
842 2475 986 2560 vesicae,
1015 2483 1078 2546 aut
1103 2472 1234 2548 ardoris
1259 2499 1401 2550 sensust

386 2592 564 2666 interdum
581 2591 706 2666 calculi
723 2593 846 2688 signa:
873 2617 974 2689 saepe
991 2600 1180 2666 tenesmos.

438 2709 578 2784 Causn
595 2710 1140 2784 conmissus-inflammatio
1160 2709 1258 2783 lenta
1274 2723 1311 2784 et
1327 2711 1403 2783 diu-

387 2831 465 2902 tina
481 2831 705 2902 membranae
721 2852 881 2905 mueosae
899 2830 1042 2912 vesicae,
1073 2853 1174 2922 saepe
1204 2831 1242 2900 in
1268 2830 1404 2903 exulce-

388 2946 558 3017 rationem
575 2945 722 3015 abitura.

548 3209 975 3274 CXXVI.D1ABETES
999 3210 1254 3275 MELLITUS.

438 3372 852 3488 Hammo-Copia
875 3393 1062 3466 immodica
1078 3397 1202 3468 urinae
1217 3395 1329 3468 duleis
1345 3422 1404 3470 ex-

388 3525 504 3590 creta:
544 3522 727 3585 caeterae
756 3512 974 3586 seeemendis
1001 3523 1039 3585 et
1063 3512 1287 3586 exoemendis
1316 3539 1405 3607 pene

388 3654 590 3731 suppressa:
608 3632 726 3703 tabes:
745 3655 846 3726 aeger
859 3631 928 3702 eibi
941 3639 1114 3724 potusque
1131 3631 1352 3723 appetentior
1368 3644 1405 3702 et

389 3752 547 3851 edacior:
573 3749 715 3821 demum
730 3748 835 3820 febris
851 3743 1009 3818 hectico:
1037 3766 1138 3839 saepe
1149 3743 1324 3841 hydrops3
1352 3749 1405 3819 in.

389 3863 527 3939 terdum
545 3860 712 3937 Pbtdt'sis
728 3858 969 3935 tuberculum.

839 4085 949 4129 smus.

431 4177 495 4243 Hic
508 4173 638 4238 morbus
652 4170 779 4249 debiles,
791 4170 1001 4235 valetudinem
1016 4171 1141 4253 fractos,
1153 4186 1185 4237 et
1199 4186 1331 4239 aetatem
1346 4200 1408 4240 me-

383 4287 469 4352 diam
492 4295 706 4367 transgressos,
736 4277 882 4341 invadere
910 4278 1078 4358 oonsuevit.
1137 4282 1239 4345 Urina
1266 4281 1409 4345 redditur
