<?xml version="1.0" encoding="UTF-8"?>
<!DOCTYPE html PUBLIC "-//W3C//DTD XHTML 1.0 Transitional//EN"
    "http://www.w3.org/TR/xhtml1/DTD/xhtml1-transitional.dtd">
<html xmlns="http://www.w3.org/1999/xhtml" xml:lang="en" lang="en">
 <head>
  <title>
</title>
<meta http-equiv="Content-Type" content="text/html;charset=utf-8" />
  <meta name='ocr-system' content='tesseract 3.04.00' />
  <meta name='ocr-capabilities' content='ocr_page ocr_carea ocr_par ocr_line ocrx_word'/>
</head>
<body>
  <div class='ocr_page' id='page_1' title='image "./morborumdefinit01hawlgoog_0313.png"; bbox 0 0 3276 5194; ppageno 0'>
   <div class='ocr_carea' id='block_1_1' title="bbox 422 508 1019 586">
    <p class='ocr_par' dir='ltr' id='par_1_1' title="bbox 422 508 1019 586">
     <span class='ocr_line' id='line_1_1' title="bbox 422 508 1019 586; baseline -0.012 0"><span class='ocrx_word' id='word_1_1' title='bbox 422 520 494 586; x_wconf 78' lang='lat'>300</span> <span class='ocrx_word' id='word_1_2' title='bbox 545 508 550 513; x_wconf 72' lang='grc'><strong>’</strong></span> <span class='ocrx_word' id='word_1_3' title='bbox 841 531 896 582; x_wconf 84' lang='lat' dir='ltr'>DE</span> <span class='ocrx_word' id='word_1_4' title='bbox 915 530 1019 581; x_wconf 83' lang='lat' dir='ltr'>cero.</span> 
     </span>
    </p>
   </div>
   <div class='ocr_carea' id='block_1_2' title="bbox 417 702 1443 1384">
    <p class='ocr_par' dir='ltr' id='par_1_2' title="bbox 417 702 1443 1384">
     <span class='ocr_line' id='line_1_2' title="bbox 468 702 1437 798; baseline -0.002 -19"><span class='ocrx_word' id='word_1_5' title='bbox 468 708 682 779; x_wconf 82' lang='lat' dir='ltr'>Praesertim</span> <span class='ocrx_word' id='word_1_6' title='bbox 700 715 894 777; x_wconf 88' lang='lat' dir='ltr'>memoratu</span> <span class='ocrx_word' id='word_1_7' title='bbox 908 703 1057 798; x_wconf 88' lang='lat' dir='ltr'>dignum</span> <span class='ocrx_word' id='word_1_8' title='bbox 1073 712 1137 785; x_wconf 89' lang='lat' dir='ltr'>est,</span> <span class='ocrx_word' id='word_1_9' title='bbox 1151 702 1195 775; x_wconf 93' lang='lat' dir='ltr'>de</span> <span class='ocrx_word' id='word_1_10' title='bbox 1214 726 1340 776; x_wconf 78' lang='lat' dir='ltr'>Aorno</span> <span class='ocrx_word' id='word_1_11' title='bbox 1356 719 1437 795; x_wconf 12' lang='lat' dir='ltr'>*ME-</span> 
     </span>
     <span class='ocr_line' id='line_1_3' title="bbox 422 818 1440 919; baseline -0.002 -23"><span class='ocrx_word' id='word_1_12' title='bbox 422 845 587 909; x_wconf 71' lang='lat' dir='ltr'>00N100,</span> <span class='ocrx_word' id='word_1_13' title='bbox 597 825 685 896; x_wconf 84' lang='lat' dir='ltr'>sales</span> <span class='ocrx_word' id='word_1_14' title='bbox 697 822 833 905; x_wconf 87' lang='lat' dir='ltr'>ferreos,</span> <span class='ocrx_word' id='word_1_15' title='bbox 844 822 971 916; x_wconf 91' lang='lat' dir='ltr'>quibus</span> <span class='ocrx_word' id='word_1_16' title='bbox 981 818 1327 919; x_wconf 73' lang='lat' dir='ltr'>peroccydumfirri</span> <span class='ocrx_word' id='word_1_17' title='bbox 1338 825 1440 907; x_wconf 90' lang='lat' dir='ltr'>inest,</span> 
     </span>
     <span class='ocr_line' id='line_1_4' title="bbox 421 938 1441 1034; baseline -0.002 -19"><span class='ocrx_word' id='word_1_18' title='bbox 421 944 465 1014; x_wconf 88' lang='lat' dir='ltr'>ab</span> <span class='ocrx_word' id='word_1_19' title='bbox 476 968 516 1014; x_wconf 90' lang='lat' dir='ltr'>eo</span> <span class='ocrx_word' id='word_1_20' title='bbox 526 941 648 1014; x_wconf 89' lang='lat' dir='ltr'>addito</span> <span class='ocrx_word' id='word_1_21' title='bbox 659 963 764 1034; x_wconf 89' lang='lat' dir='ltr'>quam</span> <span class='ocrx_word' id='word_1_22' title='bbox 776 939 929 1010; x_wconf 85' lang='lat' dir='ltr'>maxime</span> <span class='ocrx_word' id='word_1_23' title='bbox 939 938 1121 1023; x_wconf 80' lang='lat' dir='ltr'>rubelieri3</span> <span class='ocrx_word' id='word_1_24' title='bbox 1138 938 1249 1022; x_wconf 90' lang='lat' dir='ltr'>idest,</span> <span class='ocrx_word' id='word_1_25' title='bbox 1261 940 1441 1013; x_wconf 76' lang='lat' dir='ltr'>cwcont&#39;as</span> 
     </span>
     <span class='ocr_line' id='line_1_5' title="bbox 417 1056 1440 1155; baseline -0.005 -23"><span class='ocrx_word' id='word_1_26' title='bbox 417 1056 605 1155; x_wconf 74' lang='lat' dir='ltr'>perooepdz&#39;</span> <span class='ocrx_word' id='word_1_27' title='bbox 630 1058 712 1129; x_wconf 88' lang='lat' dir='ltr'>ferri</span> <span class='ocrx_word' id='word_1_28' title='bbox 728 1057 960 1128; x_wconf 89' lang='lat' dir='ltr'>ruberrimum</span> <span class='ocrx_word' id='word_1_29' title='bbox 984 1079 1080 1127; x_wconf 87' lang='lat' dir='ltr'>esse:</span> <span class='ocrx_word' id='word_1_30' title='bbox 1111 1079 1245 1127; x_wconf 86' lang='lat' dir='ltr'>necnon</span> <span class='ocrx_word' id='word_1_31' title='bbox 1274 1078 1440 1127; x_wconf 77' lang='lat' dir='ltr'>nemum</span> 
     </span>
     <span class='ocr_line' id='line_1_6' title="bbox 423 1170 1443 1268; baseline -0.003 -22"><span class='ocrx_word' id='word_1_32' title='bbox 423 1195 678 1246; x_wconf 78' lang='lat' dir='ltr'>Mscoxlcum</span> <span class='ocrx_word' id='word_1_33' title='bbox 693 1196 737 1244; x_wconf 90' lang='lat' dir='ltr'>ex</span> <span class='ocrx_word' id='word_1_34' title='bbox 750 1172 874 1243; x_wconf 90' lang='lat' dir='ltr'>iisdem</span> <span class='ocrx_word' id='word_1_35' title='bbox 892 1170 1072 1265; x_wconf 86' lang='lat' dir='ltr'>principiis</span> <span class='ocrx_word' id='word_1_36' title='bbox 1088 1171 1237 1256; x_wconf 86' lang='lat' dir='ltr'>ultimis,</span> <span class='ocrx_word' id='word_1_37' title='bbox 1254 1196 1298 1243; x_wconf 91' lang='lat' dir='ltr'>ex</span> <span class='ocrx_word' id='word_1_38' title='bbox 1317 1173 1443 1268; x_wconf 90' lang='lat' dir='ltr'>quibus</span> 
     </span>
     <span class='ocr_line' id='line_1_7' title="bbox 420 1289 812 1384; baseline -0.018 -19"><span class='ocrx_word' id='word_1_39' title='bbox 420 1311 625 1377; x_wconf 77' lang='lat' dir='ltr'>moseum,</span> <span class='ocrx_word' id='word_1_40' title='bbox 642 1289 812 1384; x_wconf 88' lang='lat' dir='ltr'>componi.</span> 
     </span>
    </p>
   </div>
   <div class='ocr_carea' id='block_1_3' title="bbox 471 1561 1485 1793">
    <p class='ocr_par' dir='ltr' id='par_1_3' title="bbox 471 1561 1485 1793">
     <span class='ocr_line' id='line_1_8' title="bbox 471 1561 1485 1665; baseline -0.006 -4"><span class='ocrx_word' id='word_1_41' title='bbox 471 1596 655 1661; x_wconf 87' lang='lat' dir='ltr'>CCCXVI.</span> <span class='ocrx_word' id='word_1_42' title='bbox 691 1596 755 1659; x_wconf 84' lang='lat' dir='ltr'>DE</span> <span class='ocrx_word' id='word_1_43' title='bbox 779 1594 933 1658; x_wconf 87' lang='lat' dir='ltr'>SIGNIS</span> <span class='ocrx_word' id='word_1_44' title='bbox 956 1591 1065 1657; x_wconf 89' lang='grc' dir='ltr'>ΟΡΙΟ</span> <span class='ocrx_word' id='word_1_45' title='bbox 1090 1594 1300 1658; x_wconf 86' lang='lat' dir='ltr'><strong>LARGIUS</strong></span> <span class='ocrx_word' id='word_1_46' title='bbox 1325 1596 1389 1657; x_wconf 89' lang='lat' dir='ltr'>IN·</span> <span class='ocrx_word' id='word_1_47' title='bbox 1449 1658 1453 1665; x_wconf 74' lang='grc'>,</span> <span class='ocrx_word' id='word_1_48' title='bbox 1481 1561 1485 1565; x_wconf 9' lang='grc' dir='ltr'><strong>ἡ</strong></span> 
     </span>
     <span class='ocr_line' id='line_1_9' title="bbox 767 1725 1093 1793; baseline -0.012 -5"><span class='ocrx_word' id='word_1_49' title='bbox 767 1725 919 1788; x_wconf 79' lang='lat' dir='ltr'><strong>GESTO</strong></span> <span class='ocrx_word' id='word_1_50' title='bbox 943 1725 1093 1793; x_wconf 83' lang='lat' dir='ltr'><strong>ORTIS.</strong></span> 
     </span>
    </p>
   </div>
   <div class='ocr_carea' id='block_1_4' title="bbox 469 1902 1551 2006">
    <p class='ocr_par' dir='ltr' id='par_1_4' title="bbox 469 1902 1551 2006">
     <span class='ocr_line' id='line_1_10' title="bbox 469 1902 1551 2006; baseline -0.002 -23"><span class='ocrx_word' id='word_1_51' title='bbox 469 1912 657 1995; x_wconf 81' lang='lat' dir='ltr'>Quantum</span> <span class='ocrx_word' id='word_1_52' title='bbox 675 1907 751 2005; x_wconf 80' lang='lat' dir='ltr'>opii</span> <span class='ocrx_word' id='word_1_53' title='bbox 771 1908 814 1979; x_wconf 90' lang='lat' dir='ltr'>ad</span> <span class='ocrx_word' id='word_1_54' title='bbox 841 1906 1037 1978; x_wconf 90' lang='lat' dir='ltr'>necandum</span> <span class='ocrx_word' id='word_1_55' title='bbox 1055 1902 1181 1992; x_wconf 89' lang='lat' dir='ltr'>valeat,</span> <span class='ocrx_word' id='word_1_56' title='bbox 1209 1934 1279 1980; x_wconf 87' lang='lat' dir='ltr'>non</span> <span class='ocrx_word' id='word_1_57' title='bbox 1306 1932 1439 2006; x_wconf 86' lang='lat' dir='ltr'>semper</span> <span class='ocrx_word' id='word_1_58' title='bbox 1547 1996 1551 2002; x_wconf 15' lang='lat' dir='ltr'>q</span> 
     </span>
    </p>
   </div>
   <div class='ocr_carea' id='block_1_5' title="bbox 416 2024 1440 2583">
    <p class='ocr_par' dir='ltr' id='par_1_5' title="bbox 416 2024 1440 2583">
     <span class='ocr_line' id='line_1_11' title="bbox 417 2024 1440 2122; baseline -0.002 -22"><span class='ocrx_word' id='word_1_59' title='bbox 417 2038 572 2100; x_wconf 87' lang='lat' dir='ltr'>statuere</span> <span class='ocrx_word' id='word_1_60' title='bbox 599 2026 706 2098; x_wconf 88' lang='lat' dir='ltr'>licet:</span> <span class='ocrx_word' id='word_1_61' title='bbox 743 2024 957 2097; x_wconf 88' lang='lat' dir='ltr'>consuetudo</span> <span class='ocrx_word' id='word_1_62' title='bbox 986 2028 1062 2119; x_wconf 89' lang='lat' dir='ltr'>ejus</span> <span class='ocrx_word' id='word_1_63' title='bbox 1092 2027 1264 2097; x_wconf 83' lang='lat' dir='ltr'>actionem</span> <span class='ocrx_word' id='word_1_64' title='bbox 1294 2029 1440 2122; x_wconf 90' lang='lat' dir='ltr'>imperio</span> 
     </span>
     <span class='ocr_line' id='line_1_12' title="bbox 419 2142 1439 2241; baseline -0.002 -22"><span class='ocrx_word' id='word_1_65' title='bbox 419 2145 612 2241; x_wconf 86' lang='lat' dir='ltr'>perinsigni</span> <span class='ocrx_word' id='word_1_66' title='bbox 641 2145 742 2239; x_wconf 84' lang='lat' dir='ltr'>regit.</span> <span class='ocrx_word' id='word_1_67' title='bbox 793 2142 1009 2237; x_wconf 81' lang='lat' dir='ltr'>Quicunque</span> <span class='ocrx_word' id='word_1_68' title='bbox 1035 2144 1203 2215; x_wconf 91' lang='lat' dir='ltr'>nimirum</span> <span class='ocrx_word' id='word_1_69' title='bbox 1232 2145 1346 2217; x_wconf 86' lang='lat' dir='ltr'>indies</span> <span class='ocrx_word' id='word_1_70' title='bbox 1374 2142 1439 2217; x_wconf 88' lang='lat' dir='ltr'>hoc</span> 
     </span>
     <span class='ocr_line' id='line_1_13' title="bbox 417 2256 1437 2360; baseline -0.002 -24"><span class='ocrx_word' id='word_1_71' title='bbox 417 2256 713 2338; x_wconf 85' lang='lat' dir='ltr'>medicamentum</span> <span class='ocrx_word' id='word_1_72' title='bbox 731 2273 829 2335; x_wconf 85' lang='lat' dir='ltr'>vorat</span> <span class='ocrx_word' id='word_1_73' title='bbox 846 2260 891 2332; x_wconf 88' lang='lat' dir='ltr'>ad</span> <span class='ocrx_word' id='word_1_74' title='bbox 909 2263 1066 2333; x_wconf 88' lang='lat' dir='ltr'>animum</span> <span class='ocrx_word' id='word_1_75' title='bbox 1086 2261 1304 2358; x_wconf 90' lang='lat' dir='ltr'>erigendum,</span> <span class='ocrx_word' id='word_1_76' title='bbox 1321 2265 1437 2360; x_wconf 91' lang='lat' dir='ltr'>impu·</span> 
     </span>
     <span class='ocr_line' id='line_1_14' title="bbox 416 2379 1438 2476; baseline -0.002 -22"><span class='ocrx_word' id='word_1_77' title='bbox 416 2408 461 2454; x_wconf 91' lang='lat' dir='ltr'>ne</span> <span class='ocrx_word' id='word_1_78' title='bbox 478 2382 622 2453; x_wconf 94' lang='lat' dir='ltr'>modum</span> <span class='ocrx_word' id='word_1_79' title='bbox 640 2379 906 2474; x_wconf 86' lang='lat' dir='ltr'>amplissimum,</span> <span class='ocrx_word' id='word_1_80' title='bbox 921 2379 982 2473; x_wconf 88' lang='lat' dir='ltr'>qui</span> <span class='ocrx_word' id='word_1_81' title='bbox 999 2379 1178 2451; x_wconf 87' lang='lat' dir='ltr'>insuetum</span> <span class='ocrx_word' id='word_1_82' title='bbox 1196 2379 1349 2454; x_wconf 87' lang='lat' dir='ltr'>occidere</span> <span class='ocrx_word' id='word_1_83' title='bbox 1361 2406 1438 2476; x_wconf 88' lang='lat' dir='ltr'>pos-</span> 
     </span>
     <span class='ocr_line' id='line_1_15' title="bbox 418 2492 1438 2583; baseline -0.004 -11"><span class='ocrx_word' id='word_1_84' title='bbox 418 2500 475 2583; x_wconf 91' lang='lat' dir='ltr'>sit,</span> <span class='ocrx_word' id='word_1_85' title='bbox 503 2500 619 2570; x_wconf 90' lang='lat' dir='ltr'>sumit.</span> <span class='ocrx_word' id='word_1_86' title='bbox 672 2495 752 2569; x_wconf 88' lang='lat' dir='ltr'>Neo</span> <span class='ocrx_word' id='word_1_87' title='bbox 777 2520 853 2567; x_wconf 87' lang='lat' dir='ltr'>raro</span> <span class='ocrx_word' id='word_1_88' title='bbox 876 2492 1015 2566; x_wconf 78' lang='lat' dir='ltr'>Tuscus</span> <span class='ocrx_word' id='word_1_89' title='bbox 1040 2498 1124 2568; x_wconf 89' lang='lat' dir='ltr'>satis</span> <span class='ocrx_word' id='word_1_90' title='bbox 1142 2506 1221 2569; x_wconf 88' lang='lat' dir='ltr'>tuto</span> <span class='ocrx_word' id='word_1_91' title='bbox 1238 2497 1438 2570; x_wconf 84' lang='lat' dir='ltr'>drachmam</span> 
     </span>
    </p>
   </div>
   <div class='ocr_carea' id='block_1_6' title="bbox 416 2602 1531 3301">
    <p class='ocr_par' dir='ltr' id='par_1_6' title="bbox 416 2602 1531 3301">
     <span class='ocr_line' id='line_1_16' title="bbox 417 2602 1515 2715; baseline -0.003 -24"><span class='ocrx_word' id='word_1_92' title='bbox 417 2618 574 2715; x_wconf 89' lang='lat' dir='ltr'>quotidie</span> <span class='ocrx_word' id='word_1_93' title='bbox 591 2616 813 2712; x_wconf 82' lang='lat' dir='ltr'>ingurgitat:</span> <span class='ocrx_word' id='word_1_94' title='bbox 846 2615 931 2686; x_wconf 92' lang='lat' dir='ltr'>scire</span> <span class='ocrx_word' id='word_1_95' title='bbox 948 2625 1067 2687; x_wconf 88' lang='lat' dir='ltr'>tamen</span> <span class='ocrx_word' id='word_1_96' title='bbox 1085 2614 1169 2689; x_wconf 91' lang='lat' dir='ltr'>licet</span> <span class='ocrx_word' id='word_1_97' title='bbox 1185 2642 1295 2712; x_wconf 85' lang='lat' dir='ltr'>grana</span> <span class='ocrx_word' id='word_1_98' title='bbox 1312 2639 1353 2702; x_wconf 75' lang='lat' dir='ltr'>X,</span> <span class='ocrx_word' id='word_1_99' title='bbox 1375 2639 1437 2689; x_wconf 88' lang='lat' dir='ltr'>xx</span> <span class='ocrx_word' id='word_1_100' title='bbox 1513 2602 1515 2607; x_wconf 43' lang='grc'>’</span> 
     </span>
     <span class='ocr_line' id='line_1_17' title="bbox 417 2733 1436 2834; baseline -0.003 -25"><span class='ocrx_word' id='word_1_101' title='bbox 417 2736 610 2834; x_wconf 88' lang='lat' dir='ltr'>ampliusve</span> <span class='ocrx_word' id='word_1_102' title='bbox 627 2733 786 2829; x_wconf 90' lang='lat' dir='ltr'>quemvis</span> <span class='ocrx_word' id='word_1_103' title='bbox 803 2734 984 2805; x_wconf 89' lang='lat' dir='ltr'>insuetum</span> <span class='ocrx_word' id='word_1_104' title='bbox 1012 2744 1126 2805; x_wconf 85' lang='lat' dir='ltr'>morte</span> <span class='ocrx_word' id='word_1_105' title='bbox 1155 2734 1306 2808; x_wconf 86' lang='lat' dir='ltr'>multare</span> <span class='ocrx_word' id='word_1_106' title='bbox 1329 2758 1436 2831; x_wconf 89' lang='lat' dir='ltr'>posse.</span> 
     </span>
     <span class='ocr_line' id='line_1_18' title="bbox 417 2849 1531 2950; baseline -0.013 -22"><span class='ocrx_word' id='word_1_107' title='bbox 417 2856 553 2928; x_wconf 88' lang='lat' dir='ltr'>Vorata</span> <span class='ocrx_word' id='word_1_108' title='bbox 569 2852 645 2950; x_wconf 70' lang='lat' dir='ltr'>mail</span> <span class='ocrx_word' id='word_1_109' title='bbox 663 2854 761 2948; x_wconf 88' lang='lat' dir='ltr'>copia</span> <span class='ocrx_word' id='word_1_110' title='bbox 772 2856 850 2947; x_wconf 86' lang='lat' dir='ltr'>jam</span> <span class='ocrx_word' id='word_1_111' title='bbox 866 2850 972 2934; x_wconf 87' lang='lat' dir='ltr'>dicta,</span> <span class='ocrx_word' id='word_1_112' title='bbox 997 2849 1102 2923; x_wconf 92' lang='lat' dir='ltr'>homo</span> <span class='ocrx_word' id='word_1_113' title='bbox 1127 2853 1233 2947; x_wconf 89' lang='lat' dir='ltr'>paulo</span> <span class='ocrx_word' id='word_1_114' title='bbox 1250 2865 1371 2950; x_wconf 89' lang='lat' dir='ltr'>postea</span> <span class='ocrx_word' id='word_1_115' title='bbox 1387 2879 1439 2926; x_wconf 80' lang='lat' dir='ltr'>so.</span> <span class='ocrx_word' id='word_1_116' title='bbox 1528 2945 1531 2948; x_wconf 11' lang='grc' dir='ltr'><em>Α</em></span> 
     </span>
     <span class='ocr_line' id='line_1_19' title="bbox 416 2968 1439 3068; baseline -0.002 -23"><span class='ocrx_word' id='word_1_117' title='bbox 416 2984 557 3068; x_wconf 90' lang='lat' dir='ltr'>poratus</span> <span class='ocrx_word' id='word_1_118' title='bbox 569 2975 664 3065; x_wconf 87' lang='lat' dir='ltr'>jacet</span> <span class='ocrx_word' id='word_1_119' title='bbox 679 2995 689 3054; x_wconf 85' lang='lat'>3</span> <span class='ocrx_word' id='word_1_120' title='bbox 722 2980 819 3041; x_wconf 85' lang='lat' dir='ltr'>artus</span> <span class='ocrx_word' id='word_1_121' title='bbox 836 2991 956 3040; x_wconf 88' lang='lat' dir='ltr'>omnes</span> <span class='ocrx_word' id='word_1_122' title='bbox 973 2968 1179 3040; x_wconf 89' lang='lat' dir='ltr'>solvuntur:</span> <span class='ocrx_word' id='word_1_123' title='bbox 1205 2971 1363 3066; x_wconf 88' lang='lat' dir='ltr'>pupillae</span> <span class='ocrx_word' id='word_1_124' title='bbox 1379 2982 1439 3067; x_wconf 85' lang='lat' dir='ltr'>pa-</span> 
     </span>
     <span class='ocr_line' id='line_1_20' title="bbox 417 3083 1439 3179; baseline -0.003 -17"><span class='ocrx_word' id='word_1_125' title='bbox 417 3089 595 3169; x_wconf 87' lang='lat' dir='ltr'>tentiores,</span> <span class='ocrx_word' id='word_1_126' title='bbox 623 3109 728 3179; x_wconf 89' lang='lat' dir='ltr'>quam</span> <span class='ocrx_word' id='word_1_127' title='bbox 754 3083 824 3157; x_wconf 88' lang='lat' dir='ltr'>fert</span> <span class='ocrx_word' id='word_1_128' title='bbox 848 3093 986 3171; x_wconf 84' lang='lat' dir='ltr'>natura,</span> <span class='ocrx_word' id='word_1_129' title='bbox 1014 3087 1077 3157; x_wconf 87' lang='lat' dir='ltr'>vix</span> <span class='ocrx_word' id='word_1_130' title='bbox 1097 3087 1166 3157; x_wconf 89' lang='lat' dir='ltr'>luci</span> <span class='ocrx_word' id='word_1_131' title='bbox 1183 3087 1341 3179; x_wconf 88' lang='lat' dir='ltr'>objectae</span> <span class='ocrx_word' id='word_1_132' title='bbox 1359 3113 1439 3162; x_wconf 91' lang='lat' dir='ltr'>con-</span> 
     </span>
     <span class='ocr_line' id='line_1_21' title="bbox 417 3202 1440 3301; baseline 0.001 -22"><span class='ocrx_word' id='word_1_133' title='bbox 417 3203 633 3279; x_wconf 82' lang='lat' dir='ltr'>trahuntur:</span> <span class='ocrx_word' id='word_1_134' title='bbox 677 3202 803 3276; x_wconf 84' lang='lat' dir='ltr'>infelix</span> <span class='ocrx_word' id='word_1_135' title='bbox 841 3203 970 3287; x_wconf 88' lang='lat' dir='ltr'>stertit,</span> <span class='ocrx_word' id='word_1_136' title='bbox 1010 3205 1244 3301; x_wconf 85' lang='lat' dir='ltr'>graviterque,</span> <span class='ocrx_word' id='word_1_137' title='bbox 1269 3206 1370 3278; x_wconf 90' lang='lat' dir='ltr'>tarde</span> <span class='ocrx_word' id='word_1_138' title='bbox 1403 3218 1440 3280; x_wconf 88' lang='lat' dir='ltr'>et</span> 
     </span>
    </p>
   </div>
   <div class='ocr_carea' id='block_1_7' title="bbox 412 3319 1499 4360">
    <p class='ocr_par' dir='ltr' id='par_1_7' title="bbox 412 3319 1499 4360">
     <span class='ocr_line' id='line_1_22' title="bbox 417 3319 1440 3421; baseline -0.002 -24"><span class='ocrx_word' id='word_1_139' title='bbox 417 3348 519 3419; x_wconf 86' lang='lat' dir='ltr'>aegre</span> <span class='ocrx_word' id='word_1_140' title='bbox 552 3323 715 3418; x_wconf 90' lang='lat' dir='ltr'>spiritum</span> <span class='ocrx_word' id='word_1_141' title='bbox 749 3319 861 3393; x_wconf 87' lang='lat' dir='ltr'>trahit</span> <span class='ocrx_word' id='word_1_142' title='bbox 895 3331 931 3392; x_wconf 87' lang='lat' dir='ltr'>et</span> <span class='ocrx_word' id='word_1_143' title='bbox 964 3322 1108 3394; x_wconf 90' lang='lat' dir='ltr'>emittit.</span> <span class='ocrx_word' id='word_1_144' title='bbox 1182 3321 1267 3395; x_wconf 93' lang='lat' dir='ltr'>Hoc</span> <span class='ocrx_word' id='word_1_145' title='bbox 1299 3324 1440 3421; x_wconf 89' lang='lat' dir='ltr'>signum</span> 
     </span>
     <span class='ocr_line' id='line_1_23' title="bbox 416 3438 1439 3536; baseline -0.002 -21"><span class='ocrx_word' id='word_1_146' title='bbox 416 3440 513 3515; x_wconf 87' lang='lat' dir='ltr'>haud</span> <span class='ocrx_word' id='word_1_147' title='bbox 530 3463 612 3513; x_wconf 87' lang='lat' dir='ltr'>sane</span> <span class='ocrx_word' id='word_1_148' title='bbox 628 3450 838 3536; x_wconf 89' lang='lat' dir='ltr'>perpetuum</span> <span class='ocrx_word' id='word_1_149' title='bbox 864 3448 939 3510; x_wconf 89' lang='lat' dir='ltr'>est:</span> <span class='ocrx_word' id='word_1_150' title='bbox 966 3438 1146 3511; x_wconf 87' lang='lat' dir='ltr'>interdum</span> <span class='ocrx_word' id='word_1_151' title='bbox 1174 3440 1269 3512; x_wconf 89' lang='lat' dir='ltr'>enim</span> <span class='ocrx_word' id='word_1_152' title='bbox 1295 3443 1439 3536; x_wconf 89' lang='lat' dir='ltr'>respira-</span> 
     </span>
     <span class='ocr_line' id='line_1_24' title="bbox 417 3553 1440 3654; baseline -0.002 -21"><span class='ocrx_word' id='word_1_153' title='bbox 417 3563 468 3634; x_wconf 89' lang='lat' dir='ltr'>tio</span> <span class='ocrx_word' id='word_1_154' title='bbox 484 3561 544 3631; x_wconf 92' lang='lat' dir='ltr'>vix</span> <span class='ocrx_word' id='word_1_155' title='bbox 569 3555 793 3654; x_wconf 89' lang='lat' dir='ltr'>percipienda</span> <span class='ocrx_word' id='word_1_156' title='bbox 818 3566 882 3629; x_wconf 88' lang='lat' dir='ltr'>est.</span> <span class='ocrx_word' id='word_1_157' title='bbox 937 3553 1074 3627; x_wconf 89' lang='lat' dir='ltr'>Vultus</span> <span class='ocrx_word' id='word_1_158' title='bbox 1097 3556 1236 3629; x_wconf 86' lang='lat' dir='ltr'>luridus</span> <span class='ocrx_word' id='word_1_159' title='bbox 1253 3568 1315 3642; x_wconf 91' lang='lat' dir='ltr'>est,</span> <span class='ocrx_word' id='word_1_160' title='bbox 1333 3569 1440 3653; x_wconf 88' lang='lat' dir='ltr'>atque</span> 
     </span>
     <span class='ocr_line' id='line_1_25' title="bbox 417 3673 1438 3772; baseline -0.001 -21"><span class='ocrx_word' id='word_1_161' title='bbox 417 3678 620 3752; x_wconf 88' lang='lat' dir='ltr'>collabitur:</span> <span class='ocrx_word' id='word_1_162' title='bbox 657 3700 794 3747; x_wconf 88' lang='lat' dir='ltr'>summa</span> <span class='ocrx_word' id='word_1_163' title='bbox 823 3676 914 3747; x_wconf 91' lang='lat' dir='ltr'>cutis</span> <span class='ocrx_word' id='word_1_164' title='bbox 944 3673 1086 3760; x_wconf 90' lang='lat' dir='ltr'>madet;</span> <span class='ocrx_word' id='word_1_165' title='bbox 1119 3676 1292 3772; x_wconf 91' lang='lat' dir='ltr'>simulque</span> <span class='ocrx_word' id='word_1_166' title='bbox 1319 3675 1438 3772; x_wconf 87' lang='lat' dir='ltr'>friget.</span> 
     </span>
     <span class='ocr_line' id='line_1_26' title="bbox 416 3795 1440 3893; baseline 0.001 -26"><span class='ocrx_word' id='word_1_167' title='bbox 416 3796 550 3868; x_wconf 89' lang='lat' dir='ltr'>Pulsus</span> <span class='ocrx_word' id='word_1_168' title='bbox 576 3795 782 3868; x_wconf 88' lang='lat' dir='ltr'>arteriarum</span> <span class='ocrx_word' id='word_1_169' title='bbox 810 3795 970 3867; x_wconf 86' lang='lat' dir='ltr'>exiliores</span> <span class='ocrx_word' id='word_1_170' title='bbox 997 3804 1033 3866; x_wconf 91' lang='lat' dir='ltr'>et</span> <span class='ocrx_word' id='word_1_171' title='bbox 1057 3795 1225 3867; x_wconf 89' lang='lat' dir='ltr'>tardiores</span> <span class='ocrx_word' id='word_1_172' title='bbox 1241 3821 1351 3893; x_wconf 88' lang='lat' dir='ltr'>aequo</span> <span class='ocrx_word' id='word_1_173' title='bbox 1368 3822 1440 3869; x_wconf 89' lang='lat' dir='ltr'>esse</span> 
     </span>
     <span class='ocr_line' id='line_1_27' title="bbox 417 3912 1499 4009; baseline 0.003 -25"><span class='ocrx_word' id='word_1_174' title='bbox 417 3923 636 3984; x_wconf 87' lang='lat' dir='ltr'>consuerunt.</span> <span class='ocrx_word' id='word_1_175' title='bbox 689 3912 921 3985; x_wconf 86' lang='lat' dir='ltr'>Potissimum</span> <span class='ocrx_word' id='word_1_176' title='bbox 952 3912 1114 4009; x_wconf 89' lang='lat' dir='ltr'>equidem</span> <span class='ocrx_word' id='word_1_177' title='bbox 1144 3913 1341 3985; x_wconf 90' lang='lat' dir='ltr'>notandum</span> <span class='ocrx_word' id='word_1_178' title='bbox 1367 3939 1440 3988; x_wconf 88' lang='lat' dir='ltr'>esse</span> <span class='ocrx_word' id='word_1_179' title='bbox 1493 3994 1499 4009; x_wconf 58' lang='lat'><em>„</em></span> 
     </span>
     <span class='ocr_line' id='line_1_28' title="bbox 412 4028 1441 4129; baseline 0.003 -29"><span class='ocrx_word' id='word_1_180' title='bbox 412 4029 545 4126; x_wconf 87' lang='lat' dir='ltr'>judico,</span> <span class='ocrx_word' id='word_1_181' title='bbox 574 4028 698 4125; x_wconf 80' lang='lat' dir='ltr'>opium</span> <span class='ocrx_word' id='word_1_182' title='bbox 720 4032 916 4102; x_wconf 90' lang='lat' dir='ltr'>actionibus</span> <span class='ocrx_word' id='word_1_183' title='bbox 934 4032 1110 4115; x_wconf 89' lang='lat' dir='ltr'>vitalibus,</span> <span class='ocrx_word' id='word_1_184' title='bbox 1135 4033 1356 4129; x_wconf 87' lang='lat' dir='ltr'>maximeque</span> <span class='ocrx_word' id='word_1_185' title='bbox 1373 4034 1441 4127; x_wconf 88' lang='lat' dir='ltr'>spi-</span> 
     </span>
     <span class='ocr_line' id='line_1_29' title="bbox 417 4144 1440 4248; baseline 0 -29"><span class='ocrx_word' id='word_1_186' title='bbox 417 4146 514 4231; x_wconf 85' lang='lat' dir='ltr'>ritui,</span> <span class='ocrx_word' id='word_1_187' title='bbox 532 4144 714 4216; x_wconf 91' lang='lat' dir='ltr'>inimicum</span> <span class='ocrx_word' id='word_1_188' title='bbox 733 4169 832 4216; x_wconf 83' lang='lat' dir='ltr'>esse·</span> <span class='ocrx_word' id='word_1_189' title='bbox 869 4145 974 4220; x_wconf 89' lang='lat' dir='ltr'>Cutis</span> <span class='ocrx_word' id='word_1_190' title='bbox 992 4148 1115 4219; x_wconf 89' lang='lat' dir='ltr'>sudore</span> <span class='ocrx_word' id='word_1_191' title='bbox 1132 4147 1312 4243; x_wconf 84' lang='lat' dir='ltr'>glutinosa</span> <span class='ocrx_word' id='word_1_192' title='bbox 1330 4159 1368 4248; x_wconf 17' lang='lat' dir='ltr'>et*</span> <span class='ocrx_word' id='word_1_193' title='bbox 1382 4172 1440 4244; x_wconf 89' lang='lat' dir='ltr'>ge-</span> 
     </span>
     <span class='ocr_line' id='line_1_30' title="bbox 417 4262 1441 4360; baseline 0.004 -25"><span class='ocrx_word' id='word_1_194' title='bbox 417 4265 501 4350; x_wconf 88' lang='lat' dir='ltr'>lido,</span> <span class='ocrx_word' id='word_1_195' title='bbox 518 4262 710 4360; x_wconf 61' lang='lat' dir='ltr'>opacaque</span> <span class='ocrx_word' id='word_1_196' title='bbox 729 4263 854 4350; x_wconf 84' lang='lat' dir='ltr'>olente,</span> <span class='ocrx_word' id='word_1_197' title='bbox 880 4264 1034 4353; x_wconf 84' lang='lat' dir='ltr'>diffluit3</span> <span class='ocrx_word' id='word_1_198' title='bbox 1067 4292 1132 4339; x_wconf 90' lang='lat' dir='ltr'>nec</span> <span class='ocrx_word' id='word_1_199' title='bbox 1158 4292 1234 4340; x_wconf 90' lang='lat' dir='ltr'>raro</span> <span class='ocrx_word' id='word_1_200' title='bbox 1264 4266 1441 4340; x_wconf 89' lang='lat' dir='ltr'>anhelitus</span> 
     </span>
    </p>
   </div>
   <div class='ocr_carea' id='block_1_8' title="bbox 0 0 1642 5194">
    <p class='ocr_par' dir='ltr' id='par_1_8' title="bbox 0 0 1642 5194">
     <span class='ocr_line' id='line_1_31' title="bbox 0 0 1642 5194; baseline 0 0"><span class='ocrx_word' id='word_1_201' title='bbox 0 0 1642 5194; x_wconf 95' lang='lat' dir='ltr'> </span> 
     </span>
    </p>
   </div>
  </div>
 </body>
</html>
