<?xml version="1.0" encoding="UTF-8"?>
<!DOCTYPE html PUBLIC "-//W3C//DTD XHTML 1.0 Transitional//EN"
    "http://www.w3.org/TR/xhtml1/DTD/xhtml1-transitional.dtd">
<html xmlns="http://www.w3.org/1999/xhtml" xml:lang="en" lang="en">
 <head>
  <title>
</title>
<meta http-equiv="Content-Type" content="text/html;charset=utf-8" />
  <meta name='ocr-system' content='tesseract 3.04.00' />
  <meta name='ocr-capabilities' content='ocr_page ocr_carea ocr_par ocr_line ocrx_word'/>
</head>
<body>
  <div class='ocr_page' id='page_1' title='image "./morborumdefinit01hawlgoog_0065.png"; bbox 0 0 3326 5302; ppageno 0'>
   <div class='ocr_carea' id='block_1_1' title="bbox 385 512 1326 577">
    <p class='ocr_par' dir='ltr' id='par_1_1' title="bbox 385 512 1326 577">
     <span class='ocr_line' id='line_1_1' title="bbox 385 512 1326 577; baseline -0.006 -1"><span class='ocrx_word' id='word_1_1' title='bbox 385 512 432 576; x_wconf 77' lang='lat'><strong>52</strong></span> <span class='ocrx_word' id='word_1_2' title='bbox 483 516 1151 577; x_wconf 69' lang='lat' dir='ltr'><strong>susurrans-rumusuuoum</strong></span> <span class='ocrx_word' id='word_1_3' title='bbox 1168 518 1326 572; x_wconf 72' lang='lat' dir='ltr'><strong>norun.</strong></span> 
     </span>
    </p>
   </div>
   <div class='ocr_carea' id='block_1_2' title="bbox 327 696 1409 2405">
    <p class='ocr_par' dir='ltr' id='par_1_2' title="bbox 384 696 1408 1121">
     <span class='ocr_line' id='line_1_2' title="bbox 384 696 1406 791; baseline -0.004 -21"><span class='ocrx_word' id='word_1_4' title='bbox 384 699 411 771; x_wconf 91' lang='lat' dir='ltr'><strong>li</strong></span> <span class='ocrx_word' id='word_1_5' title='bbox 436 698 533 771; x_wconf 87' lang='lat' dir='ltr'>rubri</span> <span class='ocrx_word' id='word_1_6' title='bbox 558 706 595 771; x_wconf 89' lang='lat' dir='ltr'><strong>et</strong></span> <span class='ocrx_word' id='word_1_7' title='bbox 620 696 783 770; x_wconf 85' lang='lat' dir='ltr'><strong>humidi:</strong></span> <span class='ocrx_word' id='word_1_8' title='bbox 810 721 911 791; x_wconf 81' lang='lat' dir='ltr'>saepe</span> <span class='ocrx_word' id='word_1_9' title='bbox 937 696 1168 768; x_wconf 82' lang='lat' dir='ltr'><strong>sternutatio:</strong></span> <span class='ocrx_word' id='word_1_10' title='bbox 1196 718 1264 767; x_wconf 88' lang='lat' dir='ltr'><strong>vox</strong></span> <span class='ocrx_word' id='word_1_11' title='bbox 1280 715 1406 767; x_wconf 85' lang='lat' dir='ltr'><strong>rauco:</strong></span> 
     </span>
     <span class='ocr_line' id='line_1_3' title="bbox 385 811 1407 909; baseline -0.005 -23"><span class='ocrx_word' id='word_1_12' title='bbox 385 813 539 909; x_wconf 84' lang='lat' dir='ltr'><strong>spirandi</strong></span> <span class='ocrx_word' id='word_1_13' title='bbox 556 812 744 886; x_wconf 81' lang='lat' dir='ltr'><strong>difficultas</strong></span> <span class='ocrx_word' id='word_1_14' title='bbox 760 813 870 886; x_wconf 87' lang='lat' dir='ltr'><strong>levior</strong></span> <span class='ocrx_word' id='word_1_15' title='bbox 895 823 958 885; x_wconf 83' lang='lat' dir='ltr'><strong>aut</strong></span> <span class='ocrx_word' id='word_1_16' title='bbox 982 813 1142 908; x_wconf 81' lang='lat' dir='ltr'><strong>gravior:</strong></span> <span class='ocrx_word' id='word_1_17' title='bbox 1169 812 1285 896; x_wconf 90' lang='lat' dir='ltr'><strong>tussis,</strong></span> <span class='ocrx_word' id='word_1_18' title='bbox 1303 811 1407 882; x_wconf 93' lang='lat' dir='ltr'><strong>initio</strong></span> 
     </span>
     <span class='ocr_line' id='line_1_4' title="bbox 386 928 1408 1028; baseline -0.004 -26"><span class='ocrx_word' id='word_1_19' title='bbox 386 933 481 1028; x_wconf 90' lang='lat' dir='ltr'><strong>sputi</strong></span> <span class='ocrx_word' id='word_1_20' title='bbox 498 955 617 1016; x_wconf 82' lang='lat' dir='ltr'>vacua,</span> <span class='ocrx_word' id='word_1_21' title='bbox 635 930 779 1004; x_wconf 90' lang='lat' dir='ltr'>demum</span> <span class='ocrx_word' id='word_1_22' title='bbox 794 931 962 1025; x_wconf 85' lang='lat' dir='ltr'><strong>pituitam</strong></span> <span class='ocrx_word' id='word_1_23' title='bbox 975 928 1142 1001; x_wconf 79' lang='lat' dir='ltr'><strong>visoidam</strong></span> <span class='ocrx_word' id='word_1_24' title='bbox 1155 940 1192 1002; x_wconf 91' lang='lat' dir='ltr'><strong>et</strong></span> <span class='ocrx_word' id='word_1_25' title='bbox 1204 929 1331 1001; x_wconf 79' lang='lat' dir='ltr'>flavam</span> <span class='ocrx_word' id='word_1_26' title='bbox 1347 952 1408 999; x_wconf 83' lang='lat' dir='ltr'><strong>ex·</strong></span> 
     </span>
     <span class='ocr_line' id='line_1_5' title="bbox 385 1058 553 1121; baseline 0.006 -3"><span class='ocrx_word' id='word_1_27' title='bbox 385 1058 553 1121; x_wconf 82' lang='lat' dir='ltr'><strong>creatura.</strong></span> 
     </span>
    </p>

    <p class='ocr_par' dir='ltr' id='par_1_3' title="bbox 385 1163 1407 1377">
     <span class='ocr_line' id='line_1_6' title="bbox 436 1163 1407 1237; baseline -0.003 -1"><span class='ocrx_word' id='word_1_28' title='bbox 436 1164 578 1236; x_wconf 65' lang='lat' dir='ltr'><strong>cnosi</strong></span> <span class='ocrx_word' id='word_1_29' title='bbox 608 1163 1153 1237; x_wconf 72' lang='lat' dir='ltr'><strong>conmissus-Inflammatio</strong></span> <span class='ocrx_word' id='word_1_30' title='bbox 1185 1165 1407 1235; x_wconf 78' lang='lat' dir='ltr'>membranae</span> 
     </span>
     <span class='ocr_line' id='line_1_7' title="bbox 385 1281 986 1377; baseline -0.005 -23"><span class='ocrx_word' id='word_1_31' title='bbox 385 1307 546 1356; x_wconf 84' lang='lat' dir='ltr'><strong>mucosae</strong></span> <span class='ocrx_word' id='word_1_32' title='bbox 562 1293 745 1355; x_wconf 82' lang='lat' dir='ltr'>meatuum</span> <span class='ocrx_word' id='word_1_33' title='bbox 763 1281 986 1377; x_wconf 79' lang='lat' dir='ltr'><strong>spiritalirun.</strong></span> 
     </span>
    </p>

    <p class='ocr_par' dir='ltr' id='par_1_4' title="bbox 384 1397 1407 1604">
     <span class='ocr_line' id='line_1_8' title="bbox 437 1397 1407 1494; baseline -0.005 -23"><span class='ocrx_word' id='word_1_34' title='bbox 437 1399 694 1472; x_wconf 77' lang='lat' dir='ltr'><strong>Cnrnursuus</strong></span> <span class='ocrx_word' id='word_1_35' title='bbox 711 1400 824 1471; x_wconf 82' lang='lat' dir='ltr'><strong>variat</strong></span> <span class='ocrx_word' id='word_1_36' title='bbox 840 1423 903 1493; x_wconf 92' lang='lat' dir='ltr'><strong>pro</strong></span> <span class='ocrx_word' id='word_1_37' title='bbox 920 1422 1034 1481; x_wconf 85' lang='lat' dir='ltr'><strong>eausa,</strong></span> <span class='ocrx_word' id='word_1_38' title='bbox 1059 1409 1164 1494; x_wconf 92' lang='lat' dir='ltr'><strong>prout</strong></span> <span class='ocrx_word' id='word_1_39' title='bbox 1181 1397 1313 1470; x_wconf 86' lang='lat' dir='ltr'><strong>scilieet</strong></span> <span class='ocrx_word' id='word_1_40' title='bbox 1329 1397 1407 1492; x_wconf 86' lang='lat' dir='ltr'><strong>gig-</strong></span> 
     </span>
     <span class='ocr_line' id='line_1_9' title="bbox 384 1529 501 1604; baseline 0 -13"><span class='ocrx_word' id='word_1_41' title='bbox 384 1529 501 1604; x_wconf 82' lang='lat' dir='ltr'><strong>natur,</strong></span> 
     </span>
    </p>

    <p class='ocr_par' dir='ltr' id='par_1_5' title="bbox 435 1636 792 1732">
     <span class='ocr_line' id='line_1_10' title="bbox 435 1636 792 1732; baseline -0.003 -23"><span class='ocrx_word' id='word_1_42' title='bbox 435 1662 469 1709; x_wconf 89' lang='lat' dir='ltr'><strong>a.</strong></span> <span class='ocrx_word' id='word_1_43' title='bbox 497 1636 540 1709; x_wconf 84' lang='grc' dir='ltr'>Α</span> <span class='ocrx_word' id='word_1_44' title='bbox 555 1636 683 1732; x_wconf 86' lang='lat' dir='ltr'><strong>fiigore</strong></span> <span class='ocrx_word' id='word_1_45' title='bbox 697 1661 708 1722; x_wconf 84' lang='lat'>3</span> <span class='ocrx_word' id='word_1_46' title='bbox 736 1637 792 1709; x_wconf 91' lang='lat' dir='ltr'><strong>vel</strong></span> 
     </span>
    </p>

    <p class='ocr_par' dir='ltr' id='par_1_6' title="bbox 385 1749 1408 1942">
     <span class='ocr_line' id='line_1_11' title="bbox 433 1749 1408 1849; baseline 0.001 -23"><span class='ocrx_word' id='word_1_47' title='bbox 433 1753 467 1826; x_wconf 82' lang='lat' dir='ltr'><strong>b.</strong></span> <span class='ocrx_word' id='word_1_48' title='bbox 493 1755 535 1826; x_wconf 93' lang='lat' dir='ltr'><strong>A</strong></span> <span class='ocrx_word' id='word_1_49' title='bbox 552 1757 735 1849; x_wconf 82' lang='lat' dir='ltr'><strong>contagi03</strong></span> <span class='ocrx_word' id='word_1_50' title='bbox 762 1753 857 1824; x_wconf 92' lang='lat' dir='ltr'><strong>unde</strong></span> <span class='ocrx_word' id='word_1_51' title='bbox 883 1757 912 1825; x_wconf 91' lang='lat' dir='ltr'><strong>si</strong></span> <span class='ocrx_word' id='word_1_52' title='bbox 937 1754 1102 1836; x_wconf 84' lang='lat' dir='ltr'><strong>nascitur,</strong></span> <span class='ocrx_word' id='word_1_53' title='bbox 1121 1749 1322 1847; x_wconf 75' lang='lat' dir='ltr'><strong>Irfiuenzu</strong></span> <span class='ocrx_word' id='word_1_54' title='bbox 1348 1778 1408 1827; x_wconf 90' lang='lat' dir='ltr'><strong>no·</strong></span> 
     </span>
     <span class='ocr_line' id='line_1_12' title="bbox 385 1872 552 1942; baseline -0.012 -1"><span class='ocrx_word' id='word_1_55' title='bbox 385 1872 552 1942; x_wconf 81' lang='lat' dir='ltr'><strong>minatur.</strong></span> 
     </span>
    </p>

    <p class='ocr_par' dir='ltr' id='par_1_7' title="bbox 327 1985 1409 2405">
     <span class='ocr_line' id='line_1_13' title="bbox 437 1985 1409 2081; baseline 0.002 -25"><span class='ocrx_word' id='word_1_56' title='bbox 437 1985 693 2058; x_wconf 78' lang='lat' dir='ltr'><strong>Cnrnunuus</strong></span> <span class='ocrx_word' id='word_1_57' title='bbox 710 1986 823 2057; x_wconf 78' lang='lat' dir='ltr'><strong>variat</strong></span> <span class='ocrx_word' id='word_1_58' title='bbox 848 2010 911 2081; x_wconf 92' lang='lat' dir='ltr'><strong>pro</strong></span> <span class='ocrx_word' id='word_1_59' title='bbox 935 1996 1035 2079; x_wconf 86' lang='lat' dir='ltr'><strong>parte</strong></span> <span class='ocrx_word' id='word_1_60' title='bbox 1052 1986 1274 2057; x_wconf 80' lang='lat' dir='ltr'>membranae</span> <span class='ocrx_word' id='word_1_61' title='bbox 1291 2007 1409 2058; x_wconf 83' lang='lat' dir='ltr'><strong>moco-</strong></span> 
     </span>
     <span class='ocr_line' id='line_1_14' title="bbox 327 2101 1409 2202; baseline -0.005 -24"><span class='ocrx_word' id='word_1_62' title='bbox 327 2160 330 2165; x_wconf 75' lang='lat'><em>-</em></span> <span class='ocrx_word' id='word_1_63' title='bbox 386 2127 451 2178; x_wconf 80' lang='lat' dir='ltr'><strong>soe</strong></span> <span class='ocrx_word' id='word_1_64' title='bbox 475 2104 697 2202; x_wconf 89' lang='lat' dir='ltr'><strong>potissimum</strong></span> <span class='ocrx_word' id='word_1_65' title='bbox 724 2104 873 2176; x_wconf 82' lang='lat' dir='ltr'><strong>affecta:</strong></span> <span class='ocrx_word' id='word_1_66' title='bbox 900 2101 984 2174; x_wconf 86' lang='lat' dir='ltr'><strong>hino</strong></span> <span class='ocrx_word' id='word_1_67' title='bbox 1009 2102 1271 2175; x_wconf 75' lang='lat' dir='ltr'><strong>Broncnnrs</strong></span> <span class='ocrx_word' id='word_1_68' title='bbox 1296 2105 1409 2174; x_wconf 90' lang='lat' dir='ltr'><strong>nomi-</strong></span> 
     </span>
     <span class='ocr_line' id='line_1_15' title="bbox 386 2215 1408 2306; baseline -0.004 -13"><span class='ocrx_word' id='word_1_69' title='bbox 386 2231 503 2306; x_wconf 81' lang='lat' dir='ltr'><strong>natur,</strong></span> <span class='ocrx_word' id='word_1_70' title='bbox 530 2222 559 2292; x_wconf 92' lang='lat' dir='ltr'><strong>si</strong></span> <span class='ocrx_word' id='word_1_71' title='bbox 581 2221 619 2291; x_wconf 90' lang='lat' dir='ltr'><strong>in</strong></span> <span class='ocrx_word' id='word_1_72' title='bbox 636 2220 878 2290; x_wconf 81' lang='lat' dir='ltr'>membranam</span> <span class='ocrx_word' id='word_1_73' title='bbox 895 2215 1138 2292; x_wconf 63' lang='lat' dir='ltr'><strong>moschorum</strong></span> <span class='ocrx_word' id='word_1_74' title='bbox 1156 2241 1337 2292; x_wconf 78' lang='lat' dir='ltr'><strong>mucosum</strong></span> <span class='ocrx_word' id='word_1_75' title='bbox 1354 2220 1408 2289; x_wconf 91' lang='lat' dir='ltr'><strong>in-</strong></span> 
     </span>
     <span class='ocr_line' id='line_1_16' title="bbox 388 2334 1101 2405; baseline -0.006 0"><span class='ocrx_word' id='word_1_76' title='bbox 388 2334 534 2405; x_wconf 86' lang='lat' dir='ltr'><strong>cumbit.</strong></span> <span class='ocrx_word' id='word_1_77' title='bbox 1097 2356 1101 2363; x_wconf 63' lang='grc'><strong>“</strong></span> 
     </span>
    </p>
   </div>
   <div class='ocr_carea' id='block_1_3' title="bbox 340 2512 1412 3527">
    <p class='ocr_par' dir='ltr' id='par_1_8' title="bbox 710 2512 1084 2556">
     <span class='ocr_line' id='line_1_17' title="bbox 710 2512 1084 2556; baseline -0.008 0"><span class='ocrx_word' id='word_1_78' title='bbox 710 2513 813 2556; x_wconf 73' lang='lat' dir='ltr'><strong>sroun</strong></span> <span class='ocrx_word' id='word_1_79' title='bbox 830 2512 1084 2555; x_wconf 81' lang='lat' dir='ltr'><strong>ssouourrrnrs.</strong></span> 
     </span>
    </p>

    <p class='ocr_par' dir='ltr' id='par_1_9' title="bbox 383 2597 1412 3215">
     <span class='ocr_line' id='line_1_18' title="bbox 430 2597 1411 2685; baseline -0.003 -23"><span class='ocrx_word' id='word_1_80' title='bbox 430 2598 533 2685; x_wconf 82' lang='lat' dir='ltr'><strong>Signis</strong></span> <span class='ocrx_word' id='word_1_81' title='bbox 560 2600 670 2682; x_wconf 67' lang='grc' dir='ltr'>(κων)</span> <span class='ocrx_word' id='word_1_82' title='bbox 696 2599 764 2684; x_wconf 82' lang='lat' dir='ltr'><strong>jam</strong></span> <span class='ocrx_word' id='word_1_83' title='bbox 790 2599 881 2661; x_wconf 88' lang='lat' dir='ltr'><strong>dietis</strong></span> <span class='ocrx_word' id='word_1_84' title='bbox 908 2597 1056 2683; x_wconf 80' lang='lat' dir='ltr'><strong>adjicitur</strong></span> <span class='ocrx_word' id='word_1_85' title='bbox 1082 2597 1170 2660; x_wconf 90' lang='lat' dir='ltr'><strong>dolor</strong></span> <span class='ocrx_word' id='word_1_86' title='bbox 1193 2598 1338 2683; x_wconf 82' lang='lat' dir='ltr'><strong>pectoris,</strong></span> <span class='ocrx_word' id='word_1_87' title='bbox 1365 2598 1411 2660; x_wconf 91' lang='lat' dir='ltr'><strong>in-</strong></span> 
     </span>
     <span class='ocr_line' id='line_1_19' title="bbox 385 2700 1412 2787; baseline 0.001 -23"><span class='ocrx_word' id='word_1_88' title='bbox 385 2712 433 2764; x_wconf 92' lang='lat' dir='ltr'><strong>ter</strong></span> <span class='ocrx_word' id='word_1_89' title='bbox 446 2702 660 2787; x_wconf 86' lang='lat' dir='ltr'><strong>inspirandum</strong></span> <span class='ocrx_word' id='word_1_90' title='bbox 676 2712 807 2765; x_wconf 83' lang='lat' dir='ltr'><strong>auctus:</strong></span> <span class='ocrx_word' id='word_1_91' title='bbox 834 2701 997 2785; x_wconf 84' lang='lat' dir='ltr'><strong>respiratio</strong></span> <span class='ocrx_word' id='word_1_92' title='bbox 1018 2700 1199 2764; x_wconf 83' lang='lat' dir='ltr'><strong>difficillima</strong></span> <span class='ocrx_word' id='word_1_93' title='bbox 1218 2714 1273 2765; x_wconf 88' lang='lat' dir='ltr'><strong>est.</strong></span> <span class='ocrx_word' id='word_1_94' title='bbox 1319 2704 1412 2765; x_wconf 92' lang='lat' dir='ltr'>Mur-</span> 
     </span>
     <span class='ocr_line' id='line_1_20' title="bbox 383 2807 1411 2892; baseline 0.004 -24"><span class='ocrx_word' id='word_1_95' title='bbox 383 2829 456 2870; x_wconf 90' lang='lat' dir='ltr'><strong>mur</strong></span> <span class='ocrx_word' id='word_1_96' title='bbox 477 2808 623 2892; x_wconf 81' lang='lat' dir='ltr'><strong>spiritale‚</strong></span> <span class='ocrx_word' id='word_1_97' title='bbox 649 2807 752 2890; x_wconf 82' lang='lat' dir='ltr'><strong>quale,</strong></span> <span class='ocrx_word' id='word_1_98' title='bbox 775 2807 945 2869; x_wconf 86' lang='lat' dir='ltr'><strong>ministerio</strong></span> <span class='ocrx_word' id='word_1_99' title='bbox 966 2809 1170 2891; x_wconf 75' lang='lat' dir='ltr'><strong>stetboscopio&#39;‚</strong></span> <span class='ocrx_word' id='word_1_100' title='bbox 1195 2809 1314 2892; x_wconf 86' lang='lat' dir='ltr'><strong>pectori</strong></span> <span class='ocrx_word' id='word_1_101' title='bbox 1336 2831 1411 2872; x_wconf 80' lang='lat' dir='ltr'><strong>seno</strong></span> 
     </span>
     <span class='ocr_line' id='line_1_21' title="bbox 383 2910 1411 2998; baseline 0.003 -25"><span class='ocrx_word' id='word_1_102' title='bbox 383 2911 512 2991; x_wconf 66' lang='lat' dir='ltr'><strong>admoti,</strong></span> <span class='ocrx_word' id='word_1_103' title='bbox 527 2932 619 2972; x_wconf 84' lang='lat' dir='ltr'><strong>aures</strong></span> <span class='ocrx_word' id='word_1_104' title='bbox 633 2931 743 2994; x_wconf 83' lang='lat' dir='ltr'><strong>cupere</strong></span> <span class='ocrx_word' id='word_1_105' title='bbox 757 2910 866 2985; x_wconf 87' lang='lat' dir='ltr'><strong>solent,</strong></span> <span class='ocrx_word' id='word_1_106' title='bbox 882 2910 1075 2974; x_wconf 83' lang='lat' dir='ltr'><strong>audiendum</strong></span> <span class='ocrx_word' id='word_1_107' title='bbox 1097 2933 1159 2973; x_wconf 88' lang='lat' dir='ltr'><strong>non</strong></span> <span class='ocrx_word' id='word_1_108' title='bbox 1181 2924 1238 2988; x_wconf 87' lang='lat' dir='ltr'><strong>est,</strong></span> <span class='ocrx_word' id='word_1_109' title='bbox 1264 2935 1321 2998; x_wconf 89' lang='lat' dir='ltr'><strong>per</strong></span> <span class='ocrx_word' id='word_1_110' title='bbox 1343 2914 1411 2976; x_wconf 90' lang='lat' dir='ltr'><strong>uni-</strong></span> 
     </span>
     <span class='ocr_line' id='line_1_22' title="bbox 384 3016 1411 3106; baseline 0.005 -28"><span class='ocrx_word' id='word_1_111' title='bbox 384 3038 509 3079; x_wconf 91' lang='lat' dir='ltr'><strong>versum</strong></span> <span class='ocrx_word' id='word_1_112' title='bbox 523 3016 714 3101; x_wconf 90' lang='lat' dir='ltr'>pulmonem,</span> <span class='ocrx_word' id='word_1_113' title='bbox 737 3028 857 3079; x_wconf 85' lang='lat' dir='ltr'><strong>oerteve</strong></span> <span class='ocrx_word' id='word_1_114' title='bbox 879 3017 911 3079; x_wconf 92' lang='lat' dir='ltr'><strong>in</strong></span> <span class='ocrx_word' id='word_1_115' title='bbox 933 3029 1022 3102; x_wconf 83' lang='lat' dir='ltr'><strong>parte</strong></span> <span class='ocrx_word' id='word_1_116' title='bbox 1044 3016 1172 3081; x_wconf 81' lang='lat' dir='ltr'><strong>affecta:</strong></span> <span class='ocrx_word' id='word_1_117' title='bbox 1197 3018 1336 3102; x_wconf 82' lang='lat' dir='ltr'><strong>ejusdem</strong></span> <span class='ocrx_word' id='word_1_118' title='bbox 1351 3044 1411 3106; x_wconf 92' lang='lat' dir='ltr'><strong>ope</strong></span> 
     </span>
     <span class='ocr_line' id='line_1_23' title="bbox 383 3121 1387 3215; baseline 0.004 -32"><span class='ocrx_word' id='word_1_119' title='bbox 383 3121 580 3184; x_wconf 89' lang='lat' dir='ltr'><strong>instrumenti</strong></span> <span class='ocrx_word' id='word_1_120' title='bbox 596 3121 724 3184; x_wconf 83' lang='lat' dir='ltr'><strong>auditur</strong></span> <span class='ocrx_word' id='word_1_121' title='bbox 739 3122 888 3207; x_wconf 88' lang='lat' dir='ltr'><strong>strepitus</strong></span> <span class='ocrx_word' id='word_1_122' title='bbox 904 3122 952 3185; x_wconf 89' lang='lat' dir='ltr'><strong>sui</strong></span> <span class='ocrx_word' id='word_1_123' title='bbox 968 3123 1075 3186; x_wconf 87' lang='lat' dir='ltr'><strong>similis</strong></span> <span class='ocrx_word' id='word_1_124' title='bbox 1092 3123 1252 3215; x_wconf 84' lang='lat' dir='ltr'><strong>(Anglice,</strong></span> <span class='ocrx_word' id='word_1_125' title='bbox 1268 3129 1387 3211; x_wconf 75' lang='lat' dir='ltr'><strong>rutile).</strong></span> 
     </span>
    </p>

    <p class='ocr_par' dir='ltr' id='par_1_10' title="bbox 429 3227 1028 3304">
     <span class='ocr_line' id='line_1_24' title="bbox 429 3227 1028 3304; baseline 0.002 -15"><span class='ocrx_word' id='word_1_126' title='bbox 429 3228 570 3290; x_wconf 75' lang='lat' dir='ltr'><strong>Seuerus</strong></span> <span class='ocrx_word' id='word_1_127' title='bbox 580 3228 839 3289; x_wconf 61' lang='lat' dir='ltr'><strong>‘Bnoucnrrrnrs</strong></span> <span class='ocrx_word' id='word_1_128' title='bbox 856 3238 930 3289; x_wconf 90' lang='lat' dir='ltr'><strong>sunt</strong></span> <span class='ocrx_word' id='word_1_129' title='bbox 944 3227 1028 3304; x_wconf 87' lang='lat' dir='ltr'>duae,</span> 
     </span>
    </p>

    <p class='ocr_par' dir='ltr' id='par_1_11' title="bbox 426 3330 1226 3419">
     <span class='ocr_line' id='line_1_25' title="bbox 426 3330 1226 3419; baseline 0.005 -26"><span class='ocrx_word' id='word_1_130' title='bbox 426 3354 454 3393; x_wconf 89' lang='grc' dir='ltr'><strong>α.</strong></span> <span class='ocrx_word' id='word_1_131' title='bbox 478 3331 592 3409; x_wconf 78' lang='lat' dir='ltr'><strong>Acuta,</strong></span> <span class='ocrx_word' id='word_1_132' title='bbox 607 3352 689 3414; x_wconf 86' lang='lat' dir='ltr'><strong>quae</strong></span> <span class='ocrx_word' id='word_1_133' title='bbox 700 3330 880 3416; x_wconf 84' lang='lat' dir='ltr'><strong>junioribus</strong></span> <span class='ocrx_word' id='word_1_134' title='bbox 894 3342 926 3394; x_wconf 88' lang='lat' dir='ltr'><strong>et</strong></span> <span class='ocrx_word' id='word_1_135' title='bbox 940 3331 1051 3394; x_wconf 81' lang='lat' dir='ltr'><strong>validis</strong></span> <span class='ocrx_word' id='word_1_136' title='bbox 1066 3333 1226 3419; x_wconf 83' lang='lat' dir='ltr'><strong>contingit.</strong></span> 
     </span>
    </p>

    <p class='ocr_par' dir='ltr' id='par_1_12' title="bbox 340 3436 1396 3527">
     <span class='ocr_line' id='line_1_26' title="bbox 340 3436 1396 3527; baseline 0.006 -30"><span class='ocrx_word' id='word_1_137' title='bbox 340 3512 342 3515; x_wconf 13' lang='grc' dir='ltr'><strong><em>ι</em></strong></span> <span class='ocrx_word' id='word_1_138' title='bbox 425 3437 452 3498; x_wconf 82' lang='lat' dir='ltr'><strong>b.</strong></span> <span class='ocrx_word' id='word_1_139' title='bbox 478 3437 646 3514; x_wconf 74' lang='lat' dir='ltr'><strong>Chronico,</strong></span> <span class='ocrx_word' id='word_1_140' title='bbox 662 3457 743 3519; x_wconf 82' lang='lat' dir='ltr'><strong>quae</strong></span> <span class='ocrx_word' id='word_1_141' title='bbox 758 3436 909 3499; x_wconf 81' lang='lat' dir='ltr'><strong>diuturna</strong></span> <span class='ocrx_word' id='word_1_142' title='bbox 923 3436 1038 3499; x_wconf 86' lang='lat' dir='ltr'><strong>virium</strong></span> <span class='ocrx_word' id='word_1_143' title='bbox 1052 3439 1240 3502; x_wconf 89' lang='lat' dir='ltr'><strong>resolutione</strong></span> <span class='ocrx_word' id='word_1_144' title='bbox 1255 3442 1396 3527; x_wconf 84' lang='lat' dir='ltr'><strong>stipatur.</strong></span> 
     </span>
    </p>
   </div>
   <div class='ocr_carea' id='block_1_4' title="bbox 525 3762 1260 3861">
    <p class='ocr_par' dir='ltr' id='par_1_13' title="bbox 525 3762 1260 3861">
     <span class='ocr_line' id='line_1_27' title="bbox 525 3762 1260 3861; baseline 0.008 -37"><span class='ocrx_word' id='word_1_145' title='bbox 525 3764 631 3825; x_wconf 88' lang='lat' dir='ltr'>XLV.</span> <span class='ocrx_word' id='word_1_146' title='bbox 656 3762 1061 3861; x_wconf 71' lang='lat' dir='ltr'><strong>BERIPNEUMONIA</strong></span> <span class='ocrx_word' id='word_1_147' title='bbox 1083 3765 1260 3830; x_wconf 82' lang='grc' dir='ltr'><strong>ΝΟΤΗΑ.</strong></span> 
     </span>
    </p>
   </div>
   <div class='ocr_carea' id='block_1_5' title="bbox 373 3938 1404 4277">
    <p class='ocr_par' dir='ltr' id='par_1_14' title="bbox 373 3938 1404 4277">
     <span class='ocr_line' id='line_1_28' title="bbox 431 3938 1404 4050; baseline 0.012 -37"><span class='ocrx_word' id='word_1_148' title='bbox 431 3938 848 4039; x_wconf 69' lang='lat' dir='ltr'><strong>Densum-Apud</strong></span> <span class='ocrx_word' id='word_1_149' title='bbox 873 3949 1023 4020; x_wconf 89' lang='lat' dir='ltr'><strong>seniores</strong></span> <span class='ocrx_word' id='word_1_150' title='bbox 1048 3958 1084 4020; x_wconf 92' lang='lat' dir='ltr'><strong>et</strong></span> <span class='ocrx_word' id='word_1_151' title='bbox 1110 3950 1276 4036; x_wconf 87' lang='lat' dir='ltr'><strong>infirmos,</strong></span> <span class='ocrx_word' id='word_1_152' title='bbox 1303 3953 1404 4050; x_wconf 84' lang='lat' dir='ltr'><strong>peri-</strong></span> 
     </span>
     <span class='ocr_line' id='line_1_29' title="bbox 373 4060 1401 4164; baseline 0.01 -31"><span class='ocrx_word' id='word_1_153' title='bbox 373 4060 626 4158; x_wconf 76' lang='lat' dir='ltr'><strong>pneumonioe</strong></span> <span class='ocrx_word' id='word_1_154' title='bbox 655 4064 755 4159; x_wconf 82' lang='lat' dir='ltr'><strong>signa</strong></span> <span class='ocrx_word' id='word_1_155' title='bbox 788 4088 869 4135; x_wconf 86' lang='lat' dir='ltr'><strong>oum</strong></span> <span class='ocrx_word' id='word_1_156' title='bbox 902 4064 1074 4140; x_wconf 80' lang='lat' dir='ltr'><strong>catarrht‘</strong></span> <span class='ocrx_word' id='word_1_157' title='bbox 1107 4069 1217 4164; x_wconf 87' lang='lat' dir='ltr'><strong>signis</strong></span> <span class='ocrx_word' id='word_1_158' title='bbox 1251 4072 1401 4145; x_wconf 83' lang='lat' dir='ltr'><strong>sociata:</strong></span> 
     </span>
     <span class='ocr_line' id='line_1_30' title="bbox 377 4178 1403 4277; baseline 0.008 -26"><span class='ocrx_word' id='word_1_159' title='bbox 377 4181 519 4253; x_wconf 84' lang='lat' dir='ltr'><strong>morbus</strong></span> <span class='ocrx_word' id='word_1_160' title='bbox 551 4178 764 4266; x_wconf 88' lang='lat' dir='ltr'><strong>diuturnus;</strong></span> <span class='ocrx_word' id='word_1_161' title='bbox 805 4204 1006 4277; x_wconf 82' lang='lat' dir='ltr'><strong>praegresso</strong></span> <span class='ocrx_word' id='word_1_162' title='bbox 1035 4185 1091 4258; x_wconf 88' lang='lat' dir='ltr'><strong>vel</strong></span> <span class='ocrx_word' id='word_1_163' title='bbox 1124 4186 1315 4273; x_wconf 78' lang='lat' dir='ltr'><strong>catarrho,</strong></span> <span class='ocrx_word' id='word_1_164' title='bbox 1348 4189 1403 4261; x_wconf 90' lang='lat' dir='ltr'><strong>vel</strong></span> 
     </span>
    </p>
   </div>
   <div class='ocr_carea' id='block_1_6' title="bbox 0 0 1669 5302">
    <p class='ocr_par' dir='ltr' id='par_1_15' title="bbox 0 0 1669 5302">
     <span class='ocr_line' id='line_1_31' title="bbox 0 0 1669 5302; baseline 0 0"><span class='ocrx_word' id='word_1_165' title='bbox 0 0 1669 5302; x_wconf 95' lang='lat' dir='ltr'><strong> </strong></span> 
     </span>
    </p>
   </div>
  </div>
 </body>
</html>
