3326 5302
394 527 441 598 72
641 535 891 592 ΑΝΕυιιιεΜΑ
908 533 1164 617 ennoncuu.
1184 578 1187 589 .

390 730 458 775 cam
472 720 605 796 putem,
620 720 651 773 et
665 709 699 772 in
713 708 817 787 dorso,
832 708 1050 795 percipiendus
1064 720 1129 772 est:
1153 718 1240 773 artus
1254 707 1414 772 inferiores

389 816 540 902 languent
555 825 587 878 et
601 811 731 899 frigent,
745 812 911 900 penitusue
924 812 1132 877 resoluuntur.

311 1060 326 1091 ²
401 1127 577 1193 Lxxm.
603 1129 748 1193 suun
770 1084 1135 1194 Aununisulus
1159 1088 1400 1193 cnuoumt.

432 1331 557 1395 Tumor
573 1329 702 1415 pulsum
716 1330 823 1408 edens,
835 1327 926 1393 initio
939 1328 1006 1392 cuti
1019 1328 1176 1408 noneolor,
1187 1328 1260 1392 dein
1274 1349 1364 1414 saepe
1377 1326 1414 1390 li-

389 1435 492 1515 vidus,
507 1436 674 1523 glandulae
696 1437 859 1524 thymiduc
876 1435 1040 1522 proximus
1060 1446 1116 1500 est
1161 1436 1309 1500 Facultas
1322 1434 1418 1498 devo»

387 1540 489 1622 randi,
509 1541 668 1628 loquendi,
690 1541 840 1629 spirandi,
866 1552 962 1627 atque
985 1540 1070 1606 ulios
1093 1539 1317 1626 cuneoquendi‚
1342 1539 1415 1626 plus

387 1649 529 1712 minusve
542 1648 668 1712 labitur.
715 1650 823 1734 Caput
843 1646 940 1726 dolet,
961 1658 1116 1733 notaeque
1129 1657 1258 1725 vexant,
1271 1667 1353 1732 quae
1366 1666 1417 1709 ou

384 1755 459 1839 pitis
473 1776 568 1818 venus
582 1753 657 1839 plus
670 1775 772 1837 aequo
786 1753 909 1838 impleri
924 1763 1087 1818 testantur.

399 2057 565 2123 LXXIV.
594 2058 738 2125 SIGNA
760 2057 1129 2124 ANEURISMATIS
1151 2057 1404 2124 ARTERIAE

740 2164 1059 2230 POPLITAEAE.

431 2369 557 2433 Tumor
579 2323 676 2456 pulsu
698 2369 877 2456 exagitatus
895 2367 1009 2455 popliti
1024 2369 1152 2445 subest3
1175 2369 1265 2456 prius
1279 2368 1418 2449 deoolor,

385 2485 494 2562 posteu
507 2475 603 2557 ruber
614 2485 671 2539 aut
687 2474 811 2539 lividus.
858 2476 941 2540 Orus
956 2474 1024 2560 ejus
1038 2474 1345 2541 luterisiimbecillum
1354 2485 1416 2554 est,

386 2591 512 2667 torpet3
535 2593 567 2645 et
581 2581 647 2645 fere
660 2600 745 2668 aqua
757 2580 911 2645 intercute
925 2578 1113 2644 intumescit.

387 2883 532 2951 LXXV.
557 2884 697 2947 VITIA
718 2884 983 2948 PERPERAM
1006 2889 1029 2922 “
1044 2884 1420 2950 ANEURISMATA'*

820 2989 980 3053 DICTA.

430 3195 646 3257 Annuntsnn
660 3208 854 3255 vnmcosun
874 3200 921 3254 est
935 3210 1016 3253 vena
1029 3190 1180 3276 sunguine
1198 3191 1339 3256 ooccineo
1353 3192 1415 3257 dis-
1554 3186 1558 3193 ’

389 3308 486 3373 teuta,
500 3297 543 3360 ob
556 3297 686 3375 vulnuS,
698 3317 774 3382 quo,
790 3317 869 3359 vena
884 3295 1044 3375 transfixa,
1067 3282 1182 3361 arteria
1197 3297 1337 3385 subjecta
1350 3298 1416 3362 vio-

387 3405 479 3468 latur.

432 3514 648 3576 Annumsnn
664 3529 810 3573 snumuu
825 3520 872 3572 est
887 3509 1013 3595 sanguis
1027 3509 1061 3571 in
1075 3508 1155 3572 telae
1169 3508 1349 3573 reticulatae
1366 3533 1419 3573 eu-

388 3638 499 3681 vernas
513 3615 675 3700 profusus,
690 3615 804 3680 arteria
819 3614 955 3679 sauciata
969 3614 1020 3677 vel
1033 3613 1170 3696 dirupta.
