3342 5208
382 544 460 623 156'
653 571 928 621 ennaearxsrx
946 568 1121 621 nonnus.

380 754 553 841 quantum
579 742 758 827 exardens,
786 740 948 838 pallidus,
977 752 1159 838 premente
1186 739 1300 835 digito
1330 753 1399 814 sta-

378 863 446 934 tim
461 858 674 942 resulturus3
689 885 710 932 a
724 859 845 931 lumbo
859 871 895 931 et
907 860 1054 953 inguine
1066 882 1128 952 per
1140 857 1233 928 labia
1244 859 1400 950 partium

379 978 606 1062 naturalium,
622 977 670 1048 ad
685 975 800 1049 femur
816 977 941 1060 imum,
959 986 996 1047 et
1012 973 1201 1068 aliquando
1226 997 1337 1068 usque
1353 974 1399 1046 ad

379 1098 457 1168 crus
486 1106 523 1168 et
551 1093 677 1191 pedem
702 1092 953 1174 descensurus3
979 1089 1149 1160 alterutro
1165 1088 1222 1160 vel
1251 1099 1400 1184 utroque

378 1223 521 1285 artuum
538 1211 684 1282 affecto:
710 1208 807 1281 dolor
824 1217 923 1279 motu
941 1213 1088 1289 auctus3
1116 1215 1323 1300 tumoreque
1345 1206 1399 1276 in-

378 1337 565 1411 crescente,
582 1326 755 1422 paulatim
771 1325 966 1418 mitigatus.

429 1426 569 1517 Cxusn
586 1437 1070 1514 CONT1NENS.-Cavcrnae
1087 1439 1179 1510 telae
1195 1439 1400 1512 reticulatae

379 1560 527 1657 lympha
539 1559 670 1631 viscida
687 1557 872 1639 distentae,
889 1556 933 1627 ob
948 1551 1094 1650 glandes
1108 1552 1351 1652 lymphaticos
1363 1569 1400 1629 et

380 1704 462 1751 vasa
486 1701 567 1748 cum
593 1676 637 1747 iis
659 1699 758 1747 nexa
777 1674 821 1744 ah
843 1682 944 1744 utero
965 1671 1110 1766 gravido
1133 1695 1274 1766 pressa:
1304 1672 1399 1745 unde

378 1804 574 1889 sequuntur
583 1791 815 1865 inflammatio
826 1813 985 1861 vasorum
997 1783 1314 1884 lyrnphatt'corum,
1324 1814 1400 1861 cur-

379 1935 507 2007 susque
522 1904 688 2004 lymphae
704 1907 906 2001 impeditus

441 2069 487 2131 N.
500 2066 687 2130 B.-Haud
709 2066 821 2150 ignoro
842 2084 1040 2148 nequaquam
1060 2064 1223 2126 convenire
1242 2065 1323 2127 inter
1340 2087 1402 2128 me-

527 2172 615 2235 dicos
629 2171 668 2233 de
682 2193 777 2233 causa
790 2170 887 2254 hujus
906 2169 1007 2231 morbi
1027 2168 1209 2231 continente.
1256 2170 1402 2248 Quidam,

529 2289 562 2341 et
576 2278 657 2340 inter
671 2299 724 2339 eos
739 2279 984 2351 merruonus,
1005 2276 1096 2338 Artis
1116 2275 1310 2338 Obstetricae
1326 2278 1401 2339 Pro

529 2384 627 2446 sessor
640 2382 673 2445 in
687 2382 745 2444 hac
760 2380 943 2456 Academia,
966 2380 1159 2443 contendunt
1178 2380 1301 2444 laticem
1316 2406 1402 2446 vaso-

530 2511 602 2551 rum
617 2488 877 2574 hymyrlcoticomm
892 2486 1067 2571 proprium,
1089 2487 1148 2549 hoc
1167 2488 1277 2550 morbo
1291 2511 1403 2574 urgen-

529 2607 571 2673 te,
593 2605 717 2680 praeter
738 2604 882 2656 naturam
904 2613 1107 2669 concrescere,
1134 2592 1198 2656 sive
1222 2594 1401 2680 coagulari3

527 2712 560 2763 et
579 2698 691 2762 exinde
713 2697 864 2761 rationem
885 2697 1026 2760 humoris
1040 2698 1148 2761 viscidi
1170 2699 1308 2763 cavernis
1326 2700 1404 2763 telae

529 2806 709 2870 reticulatae
728 2805 840 2867 inclusi
854 2803 1024 2867 deducunt.
1071 2807 1158 2882 Quos
1173 2815 1276 2867 tamen
1291 2827 1402 2884 errare,

529 2912 742 2995 experimenta
756 2930 775 2971 a
789 2909 919 2971 chemim
940 2908 1099 2992 praeclaro
1115 2911 1342 2974 Cuxvarrunro
1356 2911 1403 2972 in-

528 3018 641 3080 stituta
655 3016 728 3078 satis
742 3009 944 3077 denuntiant:
970 3014 1054 3076 unde
1068 3015 1226 3096 docemur,
1241 3018 1404 3104 lympham

529 3122 568 3184 iis
593 3121 673 3183 vasis
702 3118 862 3205 propriam
892 3141 957 3181 esse
985 3118 1151 3207 humorem·
1179 3145 1247 3185 sero
1274 3144 1404 3208 prorsus

530 3214 663 3290 alienum
675 3252 693 3313 3,
709 3225 823 3288 scilicet
844 3247 993 3301 crassum,
1016 3248 1073 3288 nec
1081 3229 1226 3311 filicione
1239 3228 1338 3313 ipsius
1352 3252 1405 3291 ex-

530 3343 660 3418 pertem.
695 3330 819 3394 Multi
848 3343 962 3416 negant
984 3354 1057 3394 vasa
1078 3333 1269 3419 nymphotica
1298 3356 1404 3419 pressa

528 3450 561 3501 et
574 3436 765 3501 inflammata
775 3436 860 3499 hunc
875 3438 1019 3500 morbum
1034 3438 1241 3512 constituere3
1265 3440 1404 3523 eoquod

526 3542 660 3607 credunt
674 3541 850 3628 hydropem
864 3564 1053 3605 mraaorcam
1073 3542 1178 3626 potius
1193 3543 1304 3607 exinde
1318 3563 1403 3606 enas-

525 3650 556 3712 ci
570 3660 734 3735 oportere,
758 3670 808 3710 res
823 3659 925 3709 tamen
940 3659 987 3709 est
1001 3646 1162 3710 notissima
1182 3648 1311 3734 glandes
1326 3650 1403 3735 lyras-

524 3757 669 3842 phareas
683 3752 820 3816 tumidas
834 3764 865 3814 et
880 3752 976 3815 duras
997 3751 1083 3815 haud
1105 3775 1244 3837 unquam
1259 3755 1401 3819 Aeaeae.

525 3882 593 3921 cam
608 3860 755 3943 gignere3
772 3857 832 3919 nisi
846 3878 925 3918 vena
947 3857 1052 3940 aliqua
1066 3857 1270 3943 opprimatur.
1305 3860 1402 3923 Deni-

526 3985 600 4048 que,
622 3962 797 4046 opinionem
811 3961 851 4023 de
865 3983 957 4024 eausa
979 3962 1154 4026 continente
1173 3964 1241 4049 jam
1263 3964 1403 4049 proposi-

498 4148 502 4153 ·
526 4082 592 4132 tam
606 4064 786 4153 amplector,
808 4068 1027 4151 experimentis
1048 4093 1067 4133 a
1089 4074 1316 4135 Cnnvauurro
1338 4071 1401 4134 fac-
1506 4085 1512 4095 ’

526 4174 567 4237 tis
588 4173 674 4250 fisus,
701 4172 830 4256 aliisque
853 4172 1055 4255 documentis,
1083 4200 1164 4261 quae
1188 4177 1238 4240 hic
1260 4178 1401 4262 proferre
