3276 5194
413 569 487 635 318
671 577 728 629 mr
746 571 984 629 Nicormun
1002 570 1177 623 rosseo.

365 864 369 867 ι
414 917 645 984 CCCXXIX.
669 915 734 979 DE
753 908 901 978 ‘NOT1s
922 907 1070 974 SECTO
1091 904 1347 972 CADAVERE
1367 908 1448 973 RE·

480 1046 665 1122 PERTIS,
688 1043 853 1120 ATQUE
877 1037 1127 1104 LAEDENDI
1153 1036 1380 1101 RATIONE.

468 1229 652 1327 Siquidem
668 1225 734 1300 hoc
747 1239 923 1299 venenum
938 1247 1066 1320 genere
1082 1246 1227 1295 nervoso
1243 1220 1441 1294 obtunden-

415 1351 472 1435 do,
489 1373 562 1422 non
578 1347 791 1421 membranis
808 1346 958 1417 mucosis
974 1342 1138 1415 rodendis
1155 1353 1219 1415 aut
1235 1364 1440 1438 exasperan-

414 1467 480 1552 dis,
514 1475 638 1551 noeet3
673 1463 818 1538 cadaver
850 1464 1105 1557 introspectum
1133 1452 1306 1557 perpauca
1340 1462 1441 1557 signa

361 1599 365 1609 '
413 1593 543 1657 notatu
560 1583 669 1679 digna
683 1580 861 1679 patefacit.

466 1701 576 1789 Quod
588 1702 634 1774 ad
649 1700 814 1775 laedendi
831 1701 1015 1784 rationem,
1027 1700 1191 1773 convenit
1204 1699 1297 1772 inter
1309 1723 1440 1785 omnes,

416 1820 641 1895 aiootioaom
659 1817 828 1893 tabacum
843 1843 967 1892 nervos
991 1816 1137 1890 sedandi
1161 1818 1440 1912 potentissimam

416 1964 500 2012 esse.
554 1939 637 2011 Sive
661 1940 756 2011 enim
779 1939 895 2035 liquor
911 1937 1068 2033 ejusdem
1085 1936 1183 2010 dives
1199 1937 1351 2023 bibatur,
1369 1938 1441 2010 sive

418 2061 517 2128 rocio
543 2056 714 2129 intestino
742 2057 996 2139 committatur,
1022 2056 1095 2128 sive
1112 2056 1186 2128 cuti
1205 2078 1360 2127 summae
1377 2055 1444 2127 irn-

415 2181 592 2265 ponatur3
620 2170 799 2268 extemplo
823 2194 1001 2254 nauseam,
1033 2172 1171 2242 animae
1198 2169 1441 2258 defectionem,
1508 2176 1514 2183 ’

288 2279 293 2290 ’
413 2287 554 2385 aliaque
569 2289 770 2362 istiusmodi
786 2287 890 2372 mala,
908 2289 1058 2361 arcessit.

466 2405 567 2477 Illud
582 2431 663 2479 vero
680 2408 855 2503 inquisitu
871 2405 1021 2502 dignum
1046 2414 1110 2489 est,
1136 2404 1247 2478 hocne
1264 2432 1440 2481 venenum

416 2523 501 2615 (olei
518 2523 630 2597 instar
647 2521 841 2621 amygdali
857 2531 1026 2615 amarae)
1052 2534 1215 2596 contactu
1233 2527 1337 2597 unico
1354 2529 1441 2600 occi-

415 2641 502 2727 dot3
529 2642 697 2715 nimirum
716 2640 914 2726 ventriculi,
930 2641 1063 2713 aliusve
1079 2643 1192 2738 partis
1207 2644 1252 2715 ab
1269 2669 1311 2715 eo
1326 2655 1441 2718 tactae

416 2762 542 2846 nervis,
573 2786 704 2857 perque
730 2784 850 2834 eorum
873 2761 1111 2835 ministerium
1135 2763 1297 2836 universo
1313 2790 1441 2861 genere

416 2903 572 2965 nervoso,
601 2878 785 2964 sedandis3
812 2902 860 2949 an
887 2902 1024 2973 quoque
1048 2879 1251 2975 absorptum
1277 2884 1441 2978 sanguini

416 2997 650 3071 circumeunti
675 2995 935 3079 immisceatun
970 3006 1077 3092 atque
1102 2998 1230 3071 exinde
1252 3001 1440 3085 cerebrum,

340 3172 344 3181 .
415 3140 484 3197 cor,
510 3113 705 3187 medullam
720 3109 912 3210 spinulam,
937 3114 1091 3211 aliasque
1118 3127 1235 3212 partes
1258 3118 1441 3191 interiores

417 3233 511 3306 vitae
534 3234 755 3318 neoessariaa
784 3245 923 3330 torpore
945 3233 1083 3308 officiat.
1134 3234 1187 3307 Ni
1202 3260 1262 3310 me
1277 3235 1441 3311 fefellerit

334 3354 353 3421 ἶ
415 3349 503 3425 haec
519 3346 690 3448 quiestio,
716 3353 768 3424 ita
785 3377 862 3425 eam
879 3353 1045 3448 expedire
1060 3363 1207 3450 oportet.
1259 3355 1373 3452 Aqua
1388 3355 1441 3429 ol·

414 3467 517 3546 codol
543 3469 675 3544 aliusve
702 3470 799 3544 latex
825 3469 890 3544 hoo
906 3495 1042 3544 veneno
1064 3473 1282 3558 saturninus,
1310 3474 1441 3571 largius

415 3599 580 3688 acceptus
596 3588 652 3664 vel
678 3589 851 3674 admotus,
880 3601 1029 3664 mortem
1055 3593 1161 3665 citam
1188 3594 1301 3678 affert,
1330 3595 1440 3689 partis

414 3720 531 3803 tactae
543 3710 670 3794 nervia,
685 3719 791 3806 atque
806 3735 869 3805 per
884 3735 952 3795 eos,
966 3713 1111 3784 caeteris
1124 3712 1285 3785 omnibus
1300 3710 1442 3784 laeden-

412 3828 469 3901 dis
487 3855 498 3916 ς
525 3829 622 3902 unde
638 3828 779 3914 viscera,
806 3855 955 3926 quorum
972 3833 1126 3906 actiones
1143 3833 1237 3906 vitae
1261 3832 1439 3904 flammam

412 3944 529 4030 alunt,
551 3945 673 4018 officiis
689 3945 881 4044 fungendis
901 3945 1077 4020 inhabilia
1093 3950 1196 4021 fiunt
1249 3948 1440 4021 Venenum

414 4063 467 4136 ita
491 4061 647 4134 inditum
673 4087 745 4135 non
771 4065 862 4137 vasis
887 4065 1153 4140 absorbentibus
1178 4067 1437 4152 committitur3

413 4179 634 4256 solummodo
661 4180 755 4276 quod
781 4183 878 4278 prius
906 4185 1060 4258 actiones
1090 4187 1282 4271 interiores,
1314 4187 1440 4282 quibus

900 4301 916 4345 4
