3276 5194
404 613 406 617 ,
441 534 1101 631 oxnouun'xuxonxmxuauxu.
1215 532 1287 604 309

309 727 534 814 Quinetiam,
553 729 582 800 si
599 728 778 803 ammonia
794 747 856 819 per
872 722 1026 796 fistulam
1044 717 1201 793 carbone
1217 718 1285 814 lig·

261 846 301 918 ni
325 845 594 921 incandescente
618 847 826 916 instructam
851 840 1058 935 trajiciatur,
1083 836 1123 910 in
1137 833 1286 910 acidam

261 959 577 1059 hydrocpuuicum
603 959 829 1032 convertitru.
887 956 975 1029 -Hoc
1004 955 1285 1052 experimentum

260 1077 459 1152 luculenter
475 1079 596 1152 edocet
620 1074 749 1149 ultima
773 1078 849 1169 ejus
866 1072 1041 1145 elementa
1067 1068 1284 1146 essecarbo·

214 1178 218 1193 “
262 1182 376 1283 mium,
393 1194 646 1294 citragonium
663 1205 700 1268 et
716 1190 998 1290 lrpdrogmium.

280 1335 289 1352 ”
310 1315 418 1402 Quod
436 1315 465 1386 si
483 1307 722 1386 medicus-hoc
737 1307 884 1383 acidum
910 1309 955 1382 ad
975 1333 1095 1407 aegros
1112 1308 1284 1383 sanandos

261 1428 465 1530 praeparare
479 1430 589 1516 uelit3
617 1429 795 1502 rationem
805 1425 1052 1500 Scheeliauam·
1067 1429 1166 1523 sequi
1183 1452 1283 1523 opor·

259 1563 313 1625 tet
327 1576 337 1637 3
357 1574 462 1649 quam
479 1550 600 1647 paucis
617 1572 790 1645 exponere
805 1546 900 1619 haud
920 1545 1076 1620 alienum
1088 1546 1220 1642 judico.

309 1669 350 1742 Si
366 1670 499 1743 unciae
510 1679 661 1764 quatuor
677 1665 1081 1767 hydrocpcualisfirri
1107 1666 1283 1763 (Augure,

260 1798 282 1830 ‘⁶
299 1788 469 1861 Prussian
499 1788 625 1884 blue’‘)
655 1787 791 1859 duabus
820 1787 934 1860 unciis
967 1784 1190 1861 memoratis
1218 1785 1285 1884 ly.
1383 1820 1388 1830 ·

259 1907 449 2005 drargyri
472 1908 569 1980 rubri
589 1917 697 2004 atque
713 1905 826 1979 unciis
843 1907 1027 1979 duodecim
1045 1931 1156 2003 aquae
1172 1908 1284 1981 mera—

258 2051 318 2100 cae
342 2027 480 2112 mistae,
505 2029 590 2124 igne
607 2026 758 2111 admoto,
784 2025 1045 2122 decoquantur3
1073 2027 1104 2098 si
1131 2026 1213 2099 dein
1239 2026 1284 2098 li-

257 2146 357 2241 quori
382 2145 495 2219 colato
520 2146 733 2242 adjiciantur
756 2145 862 2216 uncia
887 2170 959 2217 uua
983 2144 1066 2217 ferri
1092 2146 1220 2230 limati,
1245 2159 1283 2218 et

257 2261 444 2336 drachmae
468 2273 603 2358 septem
631 2260 732 2333 acidi
760 2260 992 2357 sulpdurici:
1020 2262 1135 2336 calore
1153 2262 1284 2335 dehinc
1342 2332 1360 2379 ⁴,
1407 2348 1410 2352 A

258 2377 905 2477 admotu-acidumtpdrocyaaieum
922 2381 1199 2478 alieni'cujusvis
1215 2408 1282 2479 pu·

259 2523 337 2571 rum
355 2500 393 2573 in
408 2499 562 2571 sublime
578 2499 699 2571 fertur.
751 2498 862 2585 Quod
878 2499 923 2571 ad
938 2501 1122 2584 rationem,
1148 2498 1284 2596 hydro-

258 2641 400 2714 cymms
416 2615 656 2715 hydrargym'
677 2619 852 2713 imprimis
868 2619 1029 2714 gignitur
1040 2620 1060 2705 ς’
1077 2630 1198 2715 postea
1215 2619 1282 2692 fer-

257 2760 347 2820 rum,
373 2733 562 2833 ompgem‘o
571 2733 769 2832 peromydo
785 2733 1025 2833 hydrargprr'
1043 2736 1219 2833 adempto,
1244 2739 1283 2810 in

257 2850 423 2949 oaydum
448 2852 530 2924 ferri
556 2854 782 2938 convertitur,
807 2850 1154 2951 hydrargyroipso
1168 2855 1282 2951 deJec·

257 2981 315 3043 to:
341 2968 506 3066 ooepdum
530 2970 612 3043 ferri
637 2995 717 3042 enm
740 2968 848 3044 acido
871 2969 1088 3069 sulphurem
1111 2974 1282 3048 sociatum

256 3089 295 3161 in
319 3087 473 3186 sumtus
498 3089 581 3162 ferri
597 3090 763 3164 uertitur.
813 3090 917 3163 Hinc
932 3092 1092 3177 efficitur,
1116 3090 1283 3190 hydrar-

253 3230 403 3304 gyrum
420 3208 652 3303 praecipitari,
669 3205 892 3304 salphasque
910 3208 992 3281 ferri
1008 3221 1116 3306 atque
1133 3211 1281 3285 acidum

258 3320 574 3418 hydrocyumicum
586 3321 761 3394 -nullialii
778 3336 925 3399 naturae
945 3326 1167 3421 adjunctum,
1186 3330 1281 3426 aqua
1302 3314 1307 3321 ⁶

257 3439 429 3512 dissoluta
441 3439 583 3525 adesse;
600 3439 759 3536 ideoque,
776 3438 853 3525 hoc,
864 3441 985 3516 caloris
996 3436 1072 3539 ope,
1083 3447 1278 3532 ascendere,

200 3610 203 3615 ·
257 3571 365 3654 atque
382 3559 501 3656 colligi
517 3583 628 3654 posse.
681 3558 773 3632 Aliis
789 3585 890 3656 porro
906 3562 1020 3635 modis
1035 3548 1222 3651 venenum,
1236 3566 1281 3642 de

257 3703 327 3774 quo
353 3679 501 3775 agimus,
529 3679 726 3775 praeparari
750 3688 887 3775 potest;
916 3704 1002 3776 quos
1025 3707 1197 3779 exponere
1217 3687 1280 3759 vix

258 3820 346 3892 opus
363 3808 426 3870 est.

308 3910 472 3985 Acidum
488 3911 801 4012 hydrocyoaicum
812 3919 1085 3993 meracissimum
1100 3923 1215 4019 liquor
1226 3938 1281 4000 est

259 4029 457 4129 pellucidus
474 4042 511 4104 et
526 4032 673 4141 decolor,
687 4036 842 4131 ejusdem
853 4030 980 4124 'odoris
994 4044 1093 4136 cujus
1106 4043 1168 4115 flos
1186 4044 1279 4116 Mali

254 4144 406 4248 persici,
418 4148 709 4247 siveAmygdalr‘
725 4174 900 4237 amariter
917 4159 1047 4252 saporis
1060 4160 1115 4231 sui
1131 4159 1278 4253 generis,

260 4269 365 4344 initio
393 4267 516 4341 blandi
545 4279 582 4342 et
610 4269 798 4356 subdulcia,
833 4284 870 4345 at
899 4276 1005 4370 paulo
1033 4287 1154 4371 postea
1184 4280 1282 4366 acris,
