3326 5188
517 458 574 515 nn
593 460 761 513 sacrans
778 457 961 513 cuunnrs.
1091 518 1095 523 ,
1178 446 1249 515 223

230 648 326 726 ratae
343 638 564 736 dejiciantur,
589 639 626 711 in
644 661 789 734 cuprum
807 636 890 708 dein
908 658 972 730 ope
998 634 1119 707 caloris
1143 646 1254 732 atque

230 755 397 831 cerbonii
423 756 655 851 redigendae:
685 766 749 828 aut
772 754 872 826 sorde
897 753 1092 829 ventriculo
1117 754 1253 827 inclusa

230 899 292 969 per
308 874 457 949 calorem
472 873 656 967 ingentem
673 873 856 954 exsiccata,
866 873 918 975 ita
934 882 978 942 ut
993 870 1110 944 denuo
1125 873 1253 944 metal-

230 992 306 1065 lum
322 994 440 1088 ipsum
455 989 610 1086 prodeat.
639 988 850 1061 Meminisse
866 990 972 1060 simul
989 1000 1138 1084 oportet,
1151 1015 1254 1086 quos-

230 1109 324 1193 dam,
341 1107 407 1180 hoc
423 1116 558 1179 veneno
573 1115 705 1190 vorate,
721 1106 855 1200 perire;
874 1105 940 1178 etsi
957 1106 1104 1202 ingestis
1117 1109 1253 1182 vomitu

232 1231 390 1312 exoretis,
424 1240 487 1300 aut
511 1235 589 1323 post
614 1237 762 1298 mortem
787 1228 943 1321 repertis,
971 1208 1114 1298 omnino
1138 1226 1253 1315 desir3

231 1371 345 1441 neque
361 1344 427 1417 hoc
443 1344 607 1430 accidere,
621 1346 665 1417 ob
682 1368 856 1416 venenum
873 1344 1016 1439 penitus
1029 1345 1254 1440 absorptum
1286 1396 1289 1401 »

231 1485 352 1535 verum
379 1462 487 1533 etiarn
513 1462 558 1533 ob
586 1450 819 1555 aliquantum
841 1456 999 1554 ejusdem
1032 1463 1254 1534 membranae

236 1578 423 1652 ventriculi
444 1578 597 1649 intimae
622 1601 717 1649 nexu
738 1577 866 1648 intimo
883 1570 1100 1670 adjunctum.
1153 1578 1254 1663 Quo-

232 1699 300 1769 ties
316 1694 402 1767 haec
420 1695 624 1766 membrana
643 1717 778 1787 ueneno
804 1684 930 1788 cupreo
959 1695 1007 1765 sic
1036 1694 1254 1790 inquinatur,
1316 1778 1324 1791 Ι

231 1833 371 1910 praeter
386 1823 549 1884 naturam
568 1810 789 1883 subcoerulea
801 1812 854 1895 fit,
868 1821 975 1906 atque
986 1811 1115 1884 densa:
1137 1816 1257 1886 arctis·

232 1933 388 2027 simeque
404 1932 627 2003 membranae
643 1929 861 2001 musculosae
876 1929 1132 2024 agglutinatur.
1172 1930 1257 2016 Quo

233 2073 407 2122 venenum
432 2047 589 2144 patefiat,
616 2047 853 2118 membranam
880 2069 1057 2118 mucosum
1082 2057 1157 2120 arte
1175 2050 1256 2120 sub-

233 2166 387 2250 ductam,
417 2176 454 2237 et
470 2162 647 2236 crucibulo
664 2161 827 2245 inditam,
853 2159 1039 2233 calefacere
1065 2187 1151 2258 opus
1176 2165 1254 2250 erit,

203 2308 207 2315 ·
233 2310 302 2381 quo
318 2283 504 2356 metallum
521 2282 637 2376 ipsum
656 2280 812 2375 patefiat.

283 2424 319 2470 a.
348 2400 389 2473 Si
403 2396 569 2495 ooepdunr
586 2398 685 2491 cupri
702 2422 721 2467 e
738 2396 932 2468 ventriculo
949 2396 1157 2485 extrahitur,
1181 2405 1257 2496 ejus

234 2526 361 2590 natura
378 2541 419 2588 eo
434 2515 560 2587 clarius
577 2514 723 2609 patebit,
737 2514 767 2585 si
783 2505 915 2584 auxilio
928 2516 1084 2589 carbonis
1097 2514 1187 2610 ligni
1204 2529 1257 2591 at-

234 2661 302 2731 que
319 2614 441 2707 caloris
456 2634 495 2705 in
513 2631 699 2702 metallum
717 2631 831 2725 ipsum
850 2630 1009 2703 vertitur.
1178 2721 1181 2725 Ι

285 2752 316 2826 b.
343 2752 452 2838 Quod
477 2752 506 2824 si
524 2748 703 2823 tantulum
722 2746 846 2844 ooeydi·
859 2747 962 2833 adsit,
987 2759 1029 2823 ut
1047 2750 1106 2822 vix
1123 2756 1257 2852 experi-

235 2886 356 2946 mento
367 2877 443 2967 jam
456 2870 552 2943 dicto
564 2870 688 2964 subjici
702 2869 831 2964 possit3
849 2865 955 2941 acido
966 2867 1101 2943 ucetico
1110 2872 1258 2967 adjecto,

233 2999 356 3064 aceias
372 2989 484 3088 cupri
506 2989 673 3062 conficere
694 2987 896 3084 praestabit.
950 2985 1022 3058 Cui
1039 3013 1130 3084 aqua
1146 2989 1257 3065 disso-

233 3110 310 3183 luto
320 3112 356 3183 si
373 3109 495 3183 tabula
513 3108 624 3181 ferrea
640 3107 888 3201 submergitur,
915 3107 1076 3200 protinus
1101 3111 1260 3184 tunicam

235 3253 398 3324 cupream
425 3228 682 3320 circumjectum
709 3224 775 3295 sibi
805 3220 1001 3317 praeferet;
1027 3221 1066 3295 id
1091 3235 1155 3311 est,
1180 3253 1263 3325 para

235 3344 329 3428 ferri,
342 3340 529 3438 ocygeaio
545 3341 644 3434 cupri
660 3336 784 3434 ooepdo
801 3350 931 3433 erepto,
948 3340 985 3411 in
999 3339 1165 3435 ooepdunr
1176 3344 1259 3418 ferri

148 3529 152 3537 .
235 3464 405 3547 vertitur;
433 3457 527 3556 quod
550 3457 645 3530 illico
662 3469 741 3529 cum
758 3455 864 3531 amdo
880 3455 1015 3531 arctico
1031 3460 1200 3532 sociatum
1217 3464 1260 3536 fit

234 3574 480 3678 aectarfcrri,
502 3601 609 3673 cupro
626 3574 732 3648 simul
752 3574 992 3672 praecipitato,
1009 3575 1184 3672 istamque
1200 3589 1259 3653 tu-

236 3701 352 3773 nicam
369 3697 584 3771 conficiente.

285 3842 314 3890 c.
336 3817 376 3889 Si
392 3841 483 3912 aqua
499 3811 682 3889 ammonia
699 3814 838 3885 imbuta
850 3810 986 3884 accron·
1000 3796 1110 3910 cupri
1127 3813 1263 3912 liquido

231 3916 308 4034 jam
324 3936 419 4008 dicto
435 3932 656 4019 affunditur3
680 3932 776 4005 illico
792 3932 908 4026 liquor
924 3931 1113 4010 admodum
1130 3959 1265 4033 purpu-

237 4056 362 4129 rascit:
389 4051 483 4149 quod
494 4052 693 4125 luculenter
708 4047 874 4146 capriuno
889 4051 987 4145 cupri
1005 4051 1143 4126 subesse
1156 4062 1264 4127 testa·

237 4183 306 4245 tur.
339 4188 342 4191 ’
879 4190 883 4195 ·
