3326 5188
369 533 447 613 196
657 554 713 606 nn
731 556 859 607 acino
877 550 1099 606 suentense.

365 728 468 800 urina
492 729 535 802 fit
560 739 705 801 cruenta
730 740 766 802 et
792 753 894 825 aegre
918 728 1097 802 redditur:
1124 749 1224 799 surae
1248 749 1395 823 spasmo

366 855 652 942 contorquentur.
715 844 878 919 Demum
908 845 953 918 ad
981 844 1110 917 ultima
1139 854 1284 917 ventum
1314 866 1397 914 esse

366 962 495 1035 docent
508 964 612 1036 sudor
628 963 777 1059 gelidus,
790 966 934 1060 spiritus
947 962 1186 1046 difficillimus,
1200 961 1387 1056 singultus,

366 1078 487 1152 vultus
502 1079 650 1175 luridus,
676 1081 767 1154 oculi
790 1081 898 1152 livore
914 1082 1031 1163 cincti,
1056 1078 1282 1174 maculaeque
1306 1101 1388 1171 pur-

365 1214 495 1293 pureae
512 1199 586 1271 cuti
599 1200 784 1294 inspersae.
812 1198 1243 1270 Deliriumetnervcrum
1256 1195 1389 1266 disten-

365 1315 480 1387 tiones
497 1316 696 1411 aliquando,
710 1315 770 1388 sed
786 1316 908 1400 rarius,
921 1314 1105 1387 invadunt.
1132 1313 1304 1385 Oblivisci
1316 1335 1389 1384 non

323 1496 328 1503 ,
366 1444 514 1527 oportet,
540 1435 641 1529 sigua
660 1437 736 1528 jam
762 1432 936 1529 descripta
957 1458 1028 1504 non
1046 1457 1181 1528 semper
1204 1430 1269 1504 hoe
1283 1455 1386 1510 vene-

366 1575 465 1636 num,
476 1552 531 1623 vel
544 1550 738 1648 largissime
750 1552 939 1648 ingestu-m,
951 1552 1128 1646 excipere:
1152 1550 1306 1645 quidam,
1320 1561 1387 1622 tes-

365 1657 465 1742 tante
482 1668 758 1754 Cunusslun0,
783 1681 942 1741 mortuus
966 1680 1030 1754 est,
1057 1693 1126 1741 non
1144 1670 1213 1742 nisi
1228 1690 1393 1765 mneopc

366 1787 487 1859 leviari
509 1814 718 1884 praegressa,
744 1791 810 1861 etsi
827 1789 970 1860 modum
988 1789 1114 1859 veneni
1132 1788 1387 1883 amplissimum

365 1906 579 1999 ingesserat:
606 1907 873 2006 alii'perierunt,
900 1907 1035 1977 vomitu
1060 1916 1097 1978 et
1122 1907 1192 1977 alvi
1209 1905 1310 1978 fluxu
1334 1930 1390 1976 sc·

366 2020 547 2093 lummcde
555 2023 722 2118 correpti.

414 2135 594 2232 Denique,
624 2138 710 2211 haec
735 2141 835 2235 sigua
859 2131 989 2234 pariter
1015 2140 1195 2225 accedunt,
1224 2143 1295 2214 sive
1320 2140 1388 2214 hcc

365 2278 539 2325 venenum
564 2256 602 2325 iu
629 2254 864 2327 'ventriculum
890 2266 1071 2341 sumatur3
1100 2257 1171 2328 sive
1192 2281 1254 2352 per
1274 2278 1382 2328 anum

364 2371 565 2463 injiciatur3
593 2372 665 2443 sive
683 2371 886 2445 vulneratae
902 2375 995 2468 parti
1012 2373 1165 2459 indatur,
1192 2385 1254 2448 aut
1271 2376 1309 2446 iu
1326 2400 1389 2447 ve*

363 2511 446 2559 uam
463 2498 537 2560 arte
555 2486 777 2562 infundatur.

362 2762 512 2875 ccxlls
562 2812 629 2875 DE
667 2809 1115 2877 SIGNIscADAVERE
1154 2815 1391 2879 INSPECTO

446 2918 548 2980 AU'P
587 2918 887 2995 PATEFACTO,
926 2919 1175 2994 REPERTIS‚
1215 2922 1385 2984 MORTE

447 3023 541 3084 PER
562 3022 756 3088 ACIDUM
779 3022 1066 3086 ARSENOSUM
1090 3022 1283 3085 ILLATA.

411 3202 643 3276 Ventriculus
660 3216 696 3278 et
713 3206 923 3279 intestinum
939 3216 1041 3277 notas
1058 3203 1228 3278 exhibent
1244 3206 1382 3279 inflam-

363 3323 529 3394 mationis
545 3348 773 3420 praegressae.
822 3324 1035 3396 Membrana
1052 3324 1238 3397 ventriculi
1255 3326 1385 3399 intima

363 3465 468 3536 saepe
481 3452 542 3515 est¹
558 3440 695 3514 mollior
711 3453 748 3515 et
770 3443 915 3528 rubricr,
940 3467 1046 3538 quam
1067 3442 1136 3515 fert
1152 3456 1289 3517 natura.
1343 3445 1387 3517 Si

363 3584 541 3632 marsuan
559 3561 630 3632 cito
647 3561 836 3644 accesserit,
863 3583 983 3632 omues
1000 3560 1185 3632 ventriculi
1212 3563 1382 3634 membra-

362 3701 429 3748 nae
445 3665 636 3750 exulcerari
652 3677 901 3774 percipiuntur.
929 3677 1015 3750 Non
1029 3688 1147 3750 autem
1161 3678 1272 3751 celare
1283 3703 1381 3773 opor·

362 3802 426 3875 tet,
452 3793 632 3865 interdum
660 3794 759 3867 nulla
785 3794 916 3868 indicia
937 3796 1224 3869 inflammationis
1250 3794 1378 3870 adesse.

360 3907 690 4008 Quemadncunque
713 3913 925 3986 ventriculus
950 3937 986 3984 se
1005 3911 1144 3999 habeat,
1169 3914 1381 3988 intestinum

359 4035 460 4100 notas
476 4026 674 4099 istiusmodi
692 4031 761 4101 sibi
774 4028 945 4124 praeferre
962 4032 1161 4103 consuevit:
1185 4041 1292 4129 atque
1309 4032 1383 4107 fere

360 4168 495 4240 semper
511 4140 720 4217 dwdenum
736 4156 772 4218 et
790 4152 929 4217 rectum
954 4171 1036 4243 prae
1055 4150 1199 4223 caeteris
1222 4153 1380 4248 partibus

304 4308 305 4313 =
357 4265 538 4339 uitiantur.
577 4261 782 4363 ‘Pharpnce
799 4289 947 4362 quoque,
971 4279 1008 4341 et
1031 4269 1117 4365 gula
1134 4270 1265 4345 similes
1280 4282 1381 4346 notas
