3326 5188
375 565 448 636 220
549 583 758 642 concussi
777 585 834 635 nn
853 584 1021 637 sumnus
1039 580 1220 637 curums.

422 757 648 831 Censorms
678 780 800 832 curm
830 758 979 830 v'mmn
1011 783 1073 829 sua
1102 768 1226 853 sponte
1256 760 1393 833 tabulas

371 899 515 971 cupreas
539 901 716 960 aeneasve‚
740 876 812 947 aeri
840 875 1041 947 circumfluo
1058 877 1220 970 objectas,
1238 877 1391 951 obducit.

369 992 436 1065 Ab
451 993 575 1089 omydo
592 993 705 1096 colore
720 993 824 1064 viridi
840 993 1081 1089 dignoscitur;
1111 1019 1151 1066 eo
1176 995 1271 1090 quod
1292 1021 1393 1091 porro

367 1110 473 1185 acido
488 1111 704 1210 snsphcrico
720 1111 835 1184 diluto
852 1113 1010 1185 mixtum
1023 1114 1228 1199 effervescit,
1251 1117 1296 1187 ob
1318 1114 1391 1188 aci-

366 1227 456 1301 dum
485 1227 719 1303 corbonicum
748 1229 941 1302 evolutum.
993 1229 1231 1308 Manifestum
1249 1244 1303 1305 est
1318 1257 1392 1305 om·

365 1353 436 1435 nia,
450 1375 539 1446 quae
555 1349 720 1446 ooeydwm
736 1349 943 1435 dissolvunt,
956 1351 1031 1444 pari
1048 1351 1185 1423 ratione
1202 1348 1386 1424 carbones

368 1468 533 1541 solvendo
548 1467 682 1540 habilia
698 1493 781 1541 esse.
833 1466 894 1539 Ex
915 1471 991 1561 jam
1019 1466 1135 1551 dictis,
1168 1469 1253 1541 satis
1279 1479 1388 1563 patet,

364 1612 434 1660 uon
452 1587 566 1659 solum
583 1611 664 1659 vasa
675 1587 763 1659 cibis
779 1585 967 1680 coquendis
979 1584 1116 1668 dicata3
1135 1611 1254 1660 verum
1269 1589 1387 1671 etiam,

363 1730 405 1776 ea
427 1729 517 1800 quae
538 1705 619 1775 vina
642 1706 770 1788 omnia,
798 1703 988 1786 cerevisias,
1016 1714 1080 1775 aut
1105 1728 1232 1799 aquam
1257 1727 1386 1801 snper·

363 1819 563 1895 carbonate
585 1820 696 1895 rodae
720 1823 895 1893 imbutam
920 1822 1115 1906 continent,
1144 1846 1266 1917 parum
1293 1834 1386 1896 recte

363 1962 408 2011 ex
425 1963 531 2035 cupro
547 1964 668 2012 aereve
684 1940 768 2011 lieri.
817 1937 966 2010 Certeve
983 1963 1130 2011 asserere
1147 1937 1240 2022 licet,
1258 1940 1288 2010 si
1305 1964 1386 2012 vasa

362 2076 489 2147 cuprea
513 2050 758 2136 adhibeantur,
786 2051 1003 2147 superficiem
1029 2053 1230 2126 interiorem
1258 2063 1385 2125 stanno

361 2194 434 2243 esse
452 2169 703 2243 obducendum.

409 2288 605 2370 Annaeo,
631 2312 737 2383 quam
755 2288 939 2360 vernacule
966 2309 1192 2361 vuunrunrs
1210 2315 1381 2374 vocamus,

291 2478 297 2492 ,
358 2430 413 2478 res
429 2404 617 2500 multiplex
635 2418 710 2490 est;
728 2406 871 2490 scilicet,
889 2431 933 2477 ex
950 2413 1090 2479 arelate
1107 2409 1217 2504 cupri,
1235 2405 1383 2481 subace-

359 2530 434 2596 tate
445 2524 613 2617 ejusdem,
626 2521 825 2597 carbonata
834 2525 943 2619 cupri,
956 2525 1081 2621 caydo
1094 2526 1261 2621 ejusdem,
1276 2538 1382 2623 atque

350 2624 464 2738 ’cupro
481 2642 567 2738 ipso,
585 2642 692 2714 simul
715 2644 830 2715 mistis
856 2645 1068 2738 composita3
1094 2656 1234 2740 praeter
1249 2645 1381 2718 multas

356 2771 501 2834 naturas
534 2761 675 2832 alienas.
736 2762 895 2858 Aerugo,
931 2786 1022 2857 aqua
1051 2761 1225 2836 bulliente
1259 2764 1384 2846 affusa,

356 2877 507 2972 quadam
531 2902 577 2949 ex
598 2887 699 2972 parte
724 2877 890 2950 solvitur:
916 2859 1121 2962 subacetas,
1139 2881 1319 2964 nimirum,
1343 2881 1380 2950 in

355 3001 478 3066 metas
493 3005 599 3089 atque
615 2992 780 3091 omydunr
797 2996 895 3090 cupri
913 2996 1147 3077 convertitur;
1172 3021 1319 3091 quorum
1338 2998 1381 3068 il-

354 3109 418 3181 lud
442 3110 598 3194 solvitur,
626 3109 692 3183 hoc
716 3135 879 3207 praeceps
905 3109 1047 3182 decidit.
1100 3109 1209 3195 Quod
1235 3112 1264 3183 si
1290 3136 1381 3208 aqua

354 3227 482 3325 frigida
500 3248 710 3301 AERUGINI
729 3227 883 3314 additur,
910 3228 1062 3301 mutatio
1082 3232 1157 3323 jam
1186 3229 1281 3303 dicta
1306 3255 1377 3303 non
1493 3316 1498 3327 ,

353 3343 507 3418 accidit:
545 3347 606 3419 sed
635 3353 758 3418 cretas
787 3348 885 3440 cupri
915 3344 1129 3430 dissolvitur,
1159 3356 1265 3441 atque
1294 3345 1379 3422 sub·

353 3471 487 3549 aceiae,
512 3465 569 3537 uti
586 3464 702 3560 pulvis
719 3463 840 3536 viridis
864 3488 927 3559 per
952 3463 1125 3559 liquorem
1152 3464 1376 3538 diffunditur.

352 3581 516 3656 Acidava
532 3584 708 3657 uceticum
727 3601 939 3654 Annuulnr
958 3580 1146 3677 adiectum,
1165 3594 1277 3656 totam
1297 3602 1375 3655 eam

352 3702 390 3772 in
408 3707 531 3774 coelas
548 3701 646 3797 cupri
672 3725 763 3796 aqua
785 3699 1046 3783 dissolvendum
1066 3703 1183 3774 vertit.
1236 3700 1276 3774 Si
1300 3700 1375 3773 aci-

352 3815 442 3889 dam
465 3816 723 3913 sclyrburicam
748 3836 959 3890 Annuornr
986 3800 1132 3903 inditur,
1160 3820 1202 3893 fit
1222 3817 1378 3915 sotptas

353 3935 462 4028 cupri,
480 3934 620 4007 evoluto
637 3934 743 4008 acido
759 3934 894 4008 ucetico
910 3933 1055 4008 fortiori.

404 4052 592 4125 SULPHAs
609 4072 743 4136 curru,
771 4051 822 4123 sal
845 4063 899 4125 est
925 4055 1096 4127 momenti
1121 4057 1272 4142 summi;
1303 4060 1376 4131 sive

353 4177 442 4249 vires
471 4176 547 4270 ejus
575 4171 811 4256 medicinales,
842 4173 914 4245 sive
943 4170 1150 4247 facultatem
1178 4176 1376 4249 venenandi

353 4292 587 4389 respiciamus·
642 4286 871 4386 chrystallo
888 4289 1072 4377 coendeas,
1090 4290 1280 4365 admodum
1298 4292 1377 4389 pul-
