3342 5208
383 528 453 595 128
522 554 525 562 ·
653 620 660 633 .
757 541 1030 597 sensnnrrus.

368 714 408 779 lis
430 727 462 778 et
479 715 666 802 phurpogis
679 716 889 793 exulceratio:
917 716 1011 782 modo
1025 717 1153 782 cervicis
1167 719 1252 804 rigor
1266 718 1396 805 ejusque

370 818 538 905 glandulae
553 820 756 887 tumefectae:
774 823 912 907 spirandi
928 822 1105 901 difficultas,
1119 843 1241 888 summa
1254 824 1336 887 cutis
1349 845 1397 887 sr-

370 923 570 1000 dentissims3
593 925 752 991 interdum
766 927 932 991 delirium:

414 1030 526 1094 Tertio
540 1031 605 1103 fere
619 1032 681 1110 die,
696 1033 837 1111 rubores,
849 1032 953 1096 minus
963 1031 1087 1110 coituri‚
1102 1054 1199 1117 quom
1214 1034 1398 1097 §carlatina

369 1137 504 1222 simplici
530 1149 680 1217 tentante,
704 1139 755 1201 hic
780 1138 844 1201 illic
867 1138 983 1225 passim
1009 1137 1132 1215 diffusi,
1150 1138 1337 1223 plerumque
1361 1139 1395 1200 in

370 1263 524 1326 squamas,
549 1254 582 1305 at
607 1243 703 1329 paulo
725 1243 833 1322 serius,
860 1243 1010 1307 desituri:
1035 1242 1116 1305 vires
1138 1244 1230 1306 simul
1249 1243 1322 1329 plus
1343 1242 1399 1305 mi-

368 1367 467 1410 nusve
481 1345 605 1410 fractae.

433 1452 478 1515 N·
488 1453 739 1517 B.-Auaearco
754 1453 954 1539 supervenire
964 1454 1123 1516 consuevit
1135 1453 1186 1516 die
1195 1453 1317 1516 circiter
1331 1476 1397 1540 sep-

519 1557 597 1620 timo
604 1557 655 1620 vel
668 1570 790 1636 octavo,
806 1570 878 1643 post
893 1569 998 1622 cutem
1012 1558 1273 1623 deflorescentem.
1302 1561 1398 1625 Scor-

518 1664 619 1727 Iatino
633 1666 793 1751 aogiooso
806 1663 899 1750 longe
920 1663 1123 1750 periculosior
1139 1677 1197 1743 est,
1212 1685 1309 1749 quam
1322 1667 1395 1730 sim·

519 1765 601 1852 pler.
1273 1785 1283 1791 ·

410 1969 435 2009 c.
460 1948 571 2010 Srsus.
587 1949 834 2011 Sessnnrrusn
850 1969 1034 2012 urniorum
1046 1961 1118 2011 sunt
1130 1953 1278 2034 pyramis,
1288 1970 1397 2034 amyg-

368 2051 521 2128 dalarum,
551 2051 648 2136 peleti
677 2064 709 2114 et
734 2052 860 2137 linguae
885 2052 969 2115 color
994 2073 1185 2138 purpureus,
1208 2075 1327 2116 necnon
1347 2053 1395 2116 ul-

369 2177 440 2220 cera
468 2156 591 2219 ambitu
626 2154 725 2219 livido
753 2156 865 2235 cincta,
903 2156 1078 2242 crustisque
1106 2158 1218 2221 caeseis
1246 2156 1394 2236 obducta,

370 2283 451 2347 quae
466 2261 605 2324 detersae
619 2260 702 2325 illico
715 2271 941 2325 renascuntur:
964 2260 1119 2348 glutiendi
1134 2275 1166 2325 et
1181 2262 1318 2348 spirandi
1333 2262 1393 2326 dif-

368 2366 511 2440 ficultas:
535 2367 619 2431 calor
640 2367 745 2431 minus
765 2367 916 2444 intentus,
939 2389 1036 2451 quam
1057 2368 1242 2432 Scwrlotina
1259 2367 1395 2453 simplici

367 2483 400 2534 et
414 2474 572 2558 uliginoso
587 2472 784 2559 urgentibus,
795 2482 827 2535 et
841 2471 970 2558 insignis
978 2471 1093 2535 virium
1107 2473 1203 2536 animi
1217 2483 1313 2558 atque
1328 2493 1395 2535 oor-

367 2577 452 2662 poris
464 2577 629 2640 resolutio:
900 2632 903 2637 .

408 2684 510 2745 Porro
524 2681 575 2744 die
590 2682 726 2744 secundo
740 2682 792 2744 vel
806 2682 899 2744 tertio
920 2681 1033 2745 livores
1048 2683 1099 2745 hic
1113 2683 1176 2746 illic
1191 2682 1393 2767 inaequaliter

366 2785 483 2864 diffusi,
508 2785 542 2848 in
568 2808 714 2871 squamas
737 2780 889 2849 desituri:
913 2778 1130 2871 serius‘ocyus
1151 2808 1298 2872 persaepe
1319 2808 1394 2871 gan-

366 2913 499 2976 grsenoe
512 2891 691 2973 viriumque
715 2890 874 2973 lapsorum
896 2890 980 2952 notis
1001 2892 1253 2973 superventuris:
1286 2891 1395 2975 quales

368 3007 441 3058 sunt
448 2995 619 3080 percellas,
635 3002 756 3076 stupor,
777 2991 932 3068 delirium,
957 2992 1048 3054 alvus
1066 2992 1161 3054 enimi
1175 2994 1297 3077 injussu
1311 2995 1393 3073 fuss,

368 3099 449 3163 cutis
462 3097 567 3184 gelido
582 3093 908 3172 sudore.madefacca‚'
919 3095 1076 3181 singultus
1098 3096 1251 3175 assiduus,
1267 3108 1393 3178 tremor,

366 3202 508 3268 tendines
521 3201 623 3288 digito
637 3198 781 3264 subsilire
793 3199 941 3284 percepti.

409 3401 438 3462 d.
463 3401 574 3464 Srous
589 3400 804 3464 Crusucuns
832 3417 1016 3474 uumerus
1041 3418 1102 3461 non
1125 3398 1167 3461 ab
1189 3397 1227 3461 iis
1243 3401 1393 3465 Sensis-

367 3525 478 3569 'Hm
492 3523 676 3568 unnrounn
697 3502 833 3588 propriis
855 3502 1043 3589 discrepent,
1058 3502 1118 3567 nisi
1132 3503 1220 3588 quod
1234 3505 1315 3567 cutis
1329 3527 1391 3568 non

366 3609 547 3674 efflorescit:
571 3608 701 3672 morbus
715 3618 762 3671 est
776 3607 1063 3694 periculosissimus.
1135 3640 1138 3647 .

431 3713 476 3775 N.
490 3713 666 3776 B.-Inter
687 3713 901 3777 Scorlotioarn
925 3712 1121 3798 omnigenam
1145 3712 1387 3791 describendam,

518 3839 587 3880 eam
601 3839 719 3893 vocem,
734 3818 894 3895 Maeuiae,
915 3817 1126 3903 praetermisi:
1150 3838 1214 3881 non
1227 3817 1315 3903 quod
1328 3807 1392 3882 non

519 3919 592 3982 satis
605 3921 770 3995 convenit:
796 3921 850 3984 sed
871 3922 958 4005 quod
980 3924 1210 3999 Bnrsusuos,
1234 3921 1325 4009 cujus
1345 3944 1395 3986 or-

517 4022 643 4087 dinibus
668 4036 752 4103 utor,
779 4025 909 4088 eandem
927 4025 1070 4115 ¹adhibet,
1094 4027 1137 4091 ad
1157 4027 1298 4092 ordinem
1322 4048 1394 4114 pro·

518 4126 625 4214 prium
647 4128 887 4216 designandum,
913 4130 970 4215 qui
996 4134 1211 4200 Scariotioom
1239 4155 1301 4199 non
1331 4154 1395 4198 em-

516 4230 671 4325 plectitur.
995 4334 1011 4378 ²
