3342 5208
417 587 488 653 100
598 602 739 655 mauis
757 604 810 654 ar
830 601 1088 657 raucaanrrs
1107 605 1250 658 nonar.

563 786 611 838 ter
632 775 916 854 inflammationem,
925 778 1075 840 mollities
1089 779 1201 841 vitiosa
1221 798 1312 863 saepe
1325 777 1443 842 lienem

545 914 547 917 ·
563 881 666 960 afficit,
690 884 845 970 Purpura
860 884 1123 970 haemorrhagica
1138 895 1168 946 et
1184 883 1335 949 Scortum
1349 884 1439 946 affec-

565 987 621 1050 tis:
637 989 739 1051 'modo
764 1010 865 1073 aequo
888 989 1020 1074 amplior
1035 999 1066 1050 et
1084 987 1192 1050 durior
1215 988 1263 1066 fit,
1279 989 1362 1051 uude
1382 989 1440 1074 hy.

564 1092 659 1178 drops
680 1094 836 1156 nascitur:
861 1092 946 1170 alias,
960 1093 1143 1155 tuberculis
1164 1095 1329 1156 stramoria
1350 1092 1440 1155 vitia-

564 1208 634 1261 tur:
659 1199 791 1261 subinde
814 1200 976 1283 hydatidca
999 1199 1144 1260 continet.
1190 1198 1253 1261 Sed
1273 1219 1349 1283 prae
1370 1198 1441 1260 aliis

563 1303 659 1389 hujus
668 1304 791 1366 visceris
800 1304 900 1381 maiis,
909 1303 1163 1389 notatuldignum
1174 1314 1220 1365 est
1229 1301 1274 1381 id,
1283 1302 1370 1388 quod
1379 1305 1438 1365 Fe-

563 1408 652 1470 brem
666 1411 925 1472 Intermittentem
940 1418 970 1469 et
987 1408 1205 1470 Remittentem
1219 1406 1394 1469 comitatur.

472 1564 474 1569 .
511 1517 609 1591 'Quos
623 1514 719 1577 febris
732 1514 941 1576 intermittens
959 1524 1076 1589 enecat,
1091 1512 1140 1574 his
1153 1512 1216 1575 lien
1230 1512 1332 1575 multo
1346 1533 1437 1596 gran-

564 1622 634 1684 dior
658 1632 690 1684 et
715 1622 779 1684 fere
804 1620 897 1684 simul
922 1619 1030 1683 durior
1055 1618 1184 1705 reperiri
1210 1619 1297 1682 solet.
1351 1620 1441 1695 Quos

563 1727 660 1789 febris
674 1727 834 1789 remittens
848 1724 971 1804 occidit,
987 1726 1025 1787 iis
1039 1724 1258 1809 amplificatur,
1274 1735 1305 1786 et
1319 1724 1437 1787 absces-

564 1852 634 1892 sum
649 1831 699 1892 vei
713 1831 972 1893 exulcerationem
988 1829 1046 1892 sibi
1060 1829 1204 1914 praefert.
1250 1827 1351 1892 Haud
1359 1846 1439 1891 sane

565 1955 616 1995 me
634 1933 721 2011 latet,
737 1933 890 2017 quosdam
911 1933 987 1995 h'aec
1001 1932 1079 1995 vitia
1093 1933 1134 1995 ad
1149 1933 1331 2017 sanguinem
1351 1933 1438 1995 intus

563 2059 758 2115 conversum,
785 2038 866 2099 vasis
895 2037 1018 2099 extimis
1043 2058 1168 2122 spasmo
1193 2037 1364 2115 coarctatis,
1391 2059 1437 2099 re-

563 2142 661 2206 ferre:
684 2133 800 2229 quibus
826 2141 966 2204 assentiri
989 2165 1025 2204 eo
1047 2163 1109 2204 non
1134 2164 1273 2226 possum,
1289 2140 1376 2226 quod
1397 2141 1441 2203 is-

563 2262 628 2313 tam
642 2273 767 2314 causam
776 2251 894 2313 viscera
908 2249 1011 2312 omnia
1026 2249 1175 2333 sanguine
1190 2248 1332 2311 refercire
1346 2271 1437 2335 opor-

564 2368 641 2419 teret
653 2383 663 2430 3
688 2356 774 2441 quod
787 2378 882 2442 porro
895 2357 1035 2418 omnium
1048 2354 1185 2419 febrium
1200 2376 1363 2415 commune
1377 2367 1436 2431 est,

563 2464 691 2526 arterias
702 2463 843 2541 exuuias,
854 2462 991 2548 corporis
1006 2461 1134 2545 ubique,
1149 2482 1272 2546 spasmo
1286 2461 1436 2524 constrin-

563 2571 605 2656 gi.
649 2569 810 2655 Ablegata
829 2569 928 2654 igitur
952 2569 1011 2631 ista
1032 2566 1189 2652 opinione,
1214 2565 1320 2651 potius
1341 2567 1436 2653 conji-

563 2677 611 2740 cio
635 2677 724 2739 lienis
748 2675 1021 2739 inflammationem
1046 2673 1087 2736 ab
1111 2674 1182 2758 ipso
1205 2673 1293 2735 initio
1317 2673 1366 2735 bis
1391 2674 1435 2736 fe-

541 2850 544 2857 ,
563 2784 673 2847 bu‘bus
689 2784 832 2856 subesse3
858 2782 983 2859 scilicet,
998 2791 1127 2865 ¹partem
1140 2802 1205 2842 esse
1219 2779 1435 2843 morbi‘rniur·

563 2898 644 2951 mate
666 2888 743 2951 orti:
766 2888 846 2949 hanc
867 2887 1140 2948 inflammationem
1161 2886 1337 2948 chronicam
1359 2908 1432 2962 esse,

545 2982 549 2991 ⁸
564 2994 652 3055 febre
665 2992 889 3055 intermittente
899 3002 1083 3076 torquente;
1102 3003 1236 3070 acutam,
1248 2992 1431 3055 remittente.

567 3100 599 3162 Si
614 3110 697 3164 recte
718 3098 870 3184 judicavi,
884 3099 965 3161 ratio
984 3109 1083 3183 patet,
1099 3120 1196 3183 quare
1217 3099 1279 3160 lien
1300 3098 1432 3183 amplior

563 3213 594 3266 et
604 3202 717 3265 durior
731 3202 836 3277 illam;
859 3201 1007 3288 grandior
1022 3214 1052 3266 et
1067 3204 1262 3266 exulceratus
1282 3202 1362 3265 banc
1384 3226 1439 3266 co·-

563 3308 668 3371 mitari
694 3309 808 3371 soleat:
833 3320 953 3373 constat
977 3309 1059 3372 enim
1082 3309 1162 3372 illud
1176 3310 1289 3372 vitium
1313 3309 1435 3373 inflam-

561 3413 887 3495 mationischrcnicoe,
902 3416 962 3479 hoo
976 3426 1097 3493 acutae,
1107 3426 1253 3478 eventum
1268 3438 1343 3478 esse.
1369 3417 1432 3479 De-

541 3543 544 3553 *
562 3520 657 3606 nique
667 3512 740 3584 cuni
751 3544 799 3609 res
810 3534 856 3586 est
867 3523 1026 3586 notissima
1039 3522 1126 3585 febre
1136 3523 1312 3585 remittente
1325 3523 1435 3607 plexos

563 3627 701 3690 dolorem
726 3630 951 3715 hypochcadrii
981 3628 1096 3690 sinistri
1124 3627 1190 3689 fere
1216 3649 1336 3712 semper
1360 3651 1432 3692 con-

563 3733 672 3816 queri3
689 3755 791 3797 nonne
799 3733 864 3795 veri
875 3744 921 3795 est
933 3732 1031 3795 simile
1042 3730 1196 3816 quaedam
1210 3730 1305 3794 febris
1318 3731 1433 3797 indicia

536 3851 548 3902 l
563 3838 755 3903 continenter
769 3838 895 3911 adesse;
918 3837 952 3900 id
971 3848 1028 3915 est,
1043 3836 1093 3901 rel
1114 3836 1347 3903 accessionibus
1365 3838 1433 3902 fini-

536 3942 613 4019 tis,
640 3966 798 4030 superesse
822 3943 907 4026 (ideo
931 3942 1013 4006 enim
1034 3943 1109 4007 haec
1133 3942 1245 4007 Febris
1260 3946 1433 4010 Remtuao

544 4112 546 4115 ,
561 4048 754 4134 nominatur)
771 4050 858 4135 quod
870 4049 1112 4116 inflammatione
1127 4062 1219 4117 acuta
1234 4073 1354 4138 semper
1368 4074 1436 4115 sae-

547 4152 667 4239 „viente
681 4156 904 4234 accenduntur,
919 4168 950 4221 et
964 4156 1053 4241 quasi
1068 4155 1204 4220 aluntur.

520 4263 608 4338 Quae
624 4260 671 4324 'de
695 4261 793 4327 Liene
813 4263 974 4349 proposui,
989 4263 1095 4327 eadem
1118 4263 1182 4329 fere
1205 4263 1245 4329 de
1260 4265 1438 4327 Pcncreote

561 4367 769 4456 praedicanda
791 4379 872 4432 sunt.
918 4373 1070 4455 Persaepe
1092 4381 1198 4454 turget
1213 4379 1244 4433 et
1263 4360 1434 4434 indurescit
