3342 5208
537 483 1023 538 ssnmsfflossemoms.
1242 475 1288 546 97

270 679 387 736 sensus,
402 666 494 720 notae
508 656 605 721 febris
618 657 760 735 hecticae,
770 658 901 733 leniores
916 680 998 735 sane,
1014 656 1074 720 nisi
1088 657 1226 744 eorporis
1239 658 1293 721 ha-

270 761 356 824 bitus
380 762 508 834 vitiosus
533 762 631 825 adsit:
655 761 749 824 modo
775 773 880 825 tumor
904 762 1070 841 fluctuans,
1098 762 1291 840 subalbidus,
1427 781 1429 784 ’
1501 749 1505 759 ’

269 867 481 931 acuminatus:
506 868 599 930 modo
614 889 674 951 pus
688 866 817 941 flavum,
832 867 970 946 foedum,
986 879 1017 930 et
1032 889 1173 931 amarum
1188 879 1292 930 extus

269 973 382 1047 situm;
399 974 475 1037 alias
489 974 621 1051 vomitu,
636 984 691 1036 aut
705 995 762 1057 per
776 974 882 1035 alvum
897 985 1073 1036 excretum:
1097 983 1193 1058 prout
1202 974 1293 1059 jecur

266 1100 340 1140 cum
354 1079 413 1142 hae
428 1078 479 1140 vel
494 1076 548 1141 illa
561 1090 651 1163 parte
666 1091 788 1161 praeter
802 1090 947 1141 naturam
962 1077 1203 1163 conglutinetur.

447 1384 535 1447 CVI.
568 1384 834 1447 HEPATITIS
858 1385 1113 1448 CHRONICA.

313 1561 953 1659 DEF1N1T10.-Hepatitideacuta
966 1588 1067 1659 saepe
1079 1588 1287 1660 praegressa,

271 1688 552 1779 temperamento
576 1680 725 1775 eorporis
750 1677 1015 1764 melancholico,
1033 1692 1071 1753 et
1087 1680 1289 1754 valetudine

271 1798 352 1895 plus
366 1800 527 1870 minusve
544 1820 604 1892 per
621 1796 826 1868 ebrietatem
844 1798 996 1868 vitamve
1008 1798 1158 1870 interris
1175 1809 1289 1870 aestu-

270 1915 338 1987 osis
354 1924 469 1986 aetam
481 1913 589 2008 lapsa,
609 1913 709 2007 signa
721 1908 942 2008 dyspepsiae
959 1911 1175 2009 (Lxxxm),
1191 1913 1290 1985 dolor

271 2029 377 2103 hebes
389 2027 657 2127 hypoehondrii
673 2028 801 2114 dextri,
815 2030 974 2102 cubando
986 2031 1025 2100 in
1037 2030 1176 2102 laevum
1194 2031 1288 2104 latus

272 2158 416 2219 auctus:
443 2147 581 2217 humeri
606 2145 722 2217 dextri
746 2147 874 2216 summi
894 2147 1058 2241 gravitas,
1084 2156 1211 2242 torpor,
1231 2148 1289 2219 vel

270 2264 391 2337 dolor:
417 2265 556 2346 macies,
573 2264 662 2335 vires
685 2264 795 2334 animi
812 2276 850 2335 et
863 2265 1015 2359 'eorporis
1031 2262 1172 2352 fractae,
1190 2266 1289 2339 alvus

271 2378 342 2452 fere
365 2380 489 2453 tarda:
515 2379 694 2451 interdum
718 2379 874 2473 spirandi
897 2379 1096 2466 difficultas,
1114 2384 1219 2454 tussis
1236 2394 1288 2461 at-

272 2520 340 2591 que
357 2494 554 2589 singultus:
580 2495 684 2568 modo
699 2507 804 2568 notae
821 2494 939 2569 Ieteri
954 2501 1122 2592 propriae.

322 2607 463 2684 CAUSA
493 2610 1044 2685 CONTlNENs.-Inflammatio
1072 2614 1169 2687 lenta
1198 2614 1288 2686 telae

270 2731 476 2803 reticulatae
487 2731 661 2824 jecinoris.

433 3047 539 3110 CVII.
571 3048 1123 3118 INDURATIOJECINORIS.

321 3227 847 3326 Dss1N1T10.-Hepatitide
869 3232 1041 3307 chronica
1064 3260 1165 3333 saepe
1182 3262 1288 3334 prae-

271 3371 397 3442 gressa,
422 3356 538 3417 tumor
560 3344 669 3416 durus
697 3349 888 3432 interdum,
919 3352 964 3423 ob
992 3353 1120 3436 tabem,
1147 3355 1290 3435 admota
1408 3403 1411 3410 ‚

270 3487 389 3545 manu,
416 3460 639 3533 sentiendus:
674 3461 839 3558 pleraque
866 3465 1046 3559 signorum
1073 3467 1288 3563 hepatitides

270 3578 485 3654 chronicae.-
516 3591 767 3676 superventuro
794 3581 865 3653 fere
894 3581 1072 3681 hydrope3
1100 3584 1289 3681 aliquando

270 3698 393 3782 ietero,
411 3697 515 3770 modo
531 3695 792 3771 haematemesi.

321 3813 891 3888 CAUsACONT1NENs.-Jeeur
916 3815 1018 3890 solito
1040 3819 1173 3907 durius,
1198 3825 1289 3897 mole

271 3933 478 4031 plerumque
494 3932 695 4018 imminuta,
712 3935 800 4008 eitra
816 3934 1011 4009 scirrlmm.

333 4042 378 4105 N.
390 4043 598 4106 B.-N0tatu
612 4044 744 4130 dignum
757 4059 813 4137 est,
829 4049 889 4112 hoe
904 4050 1020 4113 malum
1036 4055 1190 4119 aecirrho
1204 4079 1292 4142 pror-

420 4171 474 4210 sus
497 4171 562 4212 esse
588 4150 740 4217 alienum:
773 4157 979 4240 nequeenim
1002 4157 1151 4222 fabricam
1176 4162 1292 4244 scirrlii

1077 4285 1098 4325 s
