3276 5194
321 557 387 610 ¹nn
406 556 536 615 Mnus
553 559 613 611 nx
629 556 758 611 acino
777 548 1121 613 nrnaocusmco.
1189 543 1284 614 ala.

322 788 548 907 cccxxlv.
565 902 568 907 ,
586 842 653 908 DE
676 841 927 909 LAEDENDI
950 842 1178 910 RATIONE.

291 1023 437 1112 Omnia,
463 1051 553 1123 quae
578 1026 623 1097 de
647 1024 714 1099 hoc
735 1052 869 1100 veneno
893 1027 1011 1113 retuli,
1037 1030 1121 1103 satis
1137 1028 1264 1101 docent

243 1142 338 1214 idem
354 1168 478 1217 nervos
494 1169 599 1240 quam
626 1145 781 1218 maxime
804 1144 933 1218 sedare.
985 1143 1117 1220 Oleum
1134 1169 1264 1244 amyg-

242 1257 325 1333 dali
342 1284 496 1336 amarae
512 1258 634 1358 procul
650 1263 758 1336 dubio
776 1264 913 1351 occidit,
934 1266 1049 1339 nervis
1066 1267 1176 1363 partis
1192 1277 1265 1339 tac·

134 1392 151 1427 z
243 1391 311 1466 tae,
338 1391 445 1477 atque
469 1407 531 1479 per
548 1407 616 1468 eos,
643 1393 720 1455 toto
745 1408 873 1478 genere
899 1406 1054 1469 nervoso,
1080 1383 1264 1471 sedandis3

242 1498 386 1596 linguae
416 1502 510 1573 enim
541 1499 757 1573 instillatum
787 1526 891 1597 quam
922 1500 1137 1574 celerrimam
1165 1482 1267 1576 affert

243 1629 402 1689 mortem.
431 1616 736 1689 Onsmncontra
753 1616 948 1706 contendit,
966 1614 1115 1689 acidam
1131 1614 1266 1715 hydro
1370 1702 1374 1717 Ι

243 1737 439 1831 spaniorum
456 1738 658 1832 absorptum
684 1759 764 1807 cum
782 1735 954 1831 sanguine
970 1736 1117 1822 misceri,
1143 1747 1181 1810 et
1205 1760 1265 1808 ex-

242 1852 327 1924 inde
353 1878 473 1926 necem
499 1854 625 1925 moliri.
679 1854 743 1923 Me
767 1838 899 1947 judice,
927 1851 986 1924 hic
1014 1852 1171 1926 medicus
1196 1853 1266 1926 cla·

243 1994 303 2041 rus
335 1968 442 2043 acido
474 1971 650 2067 proposito
685 1971 853 2042 utebatur
884 1968 980 2041 haud
1014 1981 1089 2044 tam
1119 1995 1264 2057 meraco,

118 2183 123 2190 Ι
242 2098 286 2160 ut
301 2113 422 2161 necem
440 2090 661 2186 repentinam
688 2088 812 2161 afferre
828 2101 946 2184 posset
960 2112 970 2174 3
998 2089 1146 2185 ideoque
1162 2114 1265 2163 vene·

243 2230 330 2278 num
356 2230 428 2278 non
453 2205 565 2278 solum
591 2205 701 2301 partis
721 2205 827 2276 initio
844 2211 959 2276 tactae
978 2224 1101 2276 nervos
1118 2204 1265 2291 sedasse,

244 2322 491 2393 verumetiam
508 2320 672 2394 humores
689 2321 945 2394 circumeuntes
963 2319 1098 2394 adiisse.
1133 2320 1267 2399 Oleum

244 2451 365 2513 autem
384 2451 489 2513 antea
505 2439 641 2512 dictum
666 2438 734 2511 hoc
751 2463 924 2511 venenum
952 2436 1059 2512 habet
1075 2441 1265 2517 meracissi-

244 2584 354 2643 mum,
383 2569 419 2632 et
436 2559 520 2631 inde
536 2559 633 2653 prius
650 2557 788 2641 occidit,
815 2581 921 2652 quam
945 2558 1035 2629 vasis
1052 2559 1267 2632 absorbenti-

243 2678 310 2748 bus
336 2675 448 2748 officio
476 2673 638 2771 perfungi
664 2674 779 2745 liceat.
832 2671 993 2758 Quidam
1014 2698 1097 2745 sane
1124 2686 1267 2748 conten-

244 2793 348 2879 dunt,
365 2793 481 2866 oleum
495 2788 688 2889 amygdali
703 2811 857 2863 acturae
872 2789 942 2863 alio
959 2816 1104 2878 veneno,
1130 2802 1268 2890 praeter

243 2908 392 2983 aeidum
407 2908 735 3009 hydrocpaaicum,
749 2908 874 2981 imbui.
913 2907 1096 3005 Denique,
1114 2920 1268 3013 statuere

245 3040 393 3127 oportet,
410 3029 476 3104 hoc
493 3054 668 3103 venenum
685 3052 822 3102 merum
846 3030 962 3101 nervis
979 3029 1081 3102 abeo
1099 3030 1214 3117 tactis,
1230 3041 1268 3105 et

243 3151 328 3223 inde
353 3150 498 3223 caeteris
520 3149 684 3222 omnibus
708 3144 927 3234 hebetandis,
949 3145 1082 3222 lethale
1108 3173 1200 3232 esse;
1230 3161 1268 3224 at

193 3342 195 3345 ,
244 3267 395 3340 dilutius
411 3267 596 3347 absorberi,
623 3265 787 3357 sanguini
804 3266 1004 3350 immisceri,
1030 3277 1139 3361 atque
1160 3266 1267 3365 hujus

245 3384 451 3470 ministerio,
465 3384 656 3466 cerebrum,
668 3404 802 3468 nervos,
821 3407 889 3468 cor,
905 3383 1122 3479 pulmonem,
1140 3386 1197 3457 &c
1215 3387 1266 3457 vi-

245 3505 344 3589 tiare,
362 3514 400 3577 et
415 3501 543 3577 exinde
559 3500 672 3573 vitam
688 3501 909 3600 extinguere.
946 3510 949 3517 ’

263 3823 463 3888 CCCXXV.
505 3823 569 3887 DE
593 3822 742 3905 ACIDO
764 3819 1148 3886 HYDROCYANICO
1170 3822 1249 3888 DE-

639 3948 876 4013 TEGENDO.

295 4134 346 4220 Si,
372 4131 536 4215 cadavere
561 4131 747 4228 patefacto,
771 4158 964 4232 perpaucae
980 4143 1085 4206 notae
1104 4098 1266 4206 insolitae

134 4324 137 4325 a
246 4251 431 4350 prodeunt,
450 4249 556 4324 simul
570 4250 662 4324 succi
678 4263 815 4327 meatus
833 4252 1004 4337 alimenti,
1031 4259 1094 4324 aut
1117 4249 1265 4325 aliarum
