3326 5188
429 458 486 511 nn
504 453 763 510 arcanorum:
783 454 1077 508 mauraneum.
1189 440 1262 513 209

237 652 416 705 mucosam
428 633 650 719 inflammari,
663 634 708 705 ob
720 632 786 705 hoe
799 655 984 716 venenum,
1002 629 1096 725 quod
1113 639 1166 702 est
1183 651 1260 723 per-

237 772 325 834 acre,
342 749 558 846 rodendique
574 752 871 847 potentissimum,
896 750 929 821 ei
954 758 1119 821 contactu
1140 744 1260 820 admo-

238 878 325 939 tum.
377 867 479 941 Idem
499 869 552 940 vir
576 869 772 965 praeclarus
798 867 991 952 contendit,
1018 891 1075 939 cor
1103 876 1140 937 et
1169 888 1260 938 cere-

236 986 338 1057 brum
356 985 477 1058 eodem
495 996 651 1082 tempore
667 987 770 1071 laedi,
796 994 939 1082 propter
962 986 1168 1058 eonsensum
1193 984 1260 1085 mi-

235 1099 391 1184 rabilem,
419 1124 488 1195 quo
514 1098 600 1175 haec
617 1103 747 1173 viscera
776 1125 856 1173 cum
880 1100 1074 1173 ventrierdo
1099 1098 1260 1170 commit·
1365 1145 1370 1150 -

237 1228 372 1309 tuntur.
419 1217 627 1321 Bronmu
655 1218 818 1293 reete'de
842 1217 908 1292 hae
933 1243 970 1291 re
990 1216 1166 1312 judicasse
1183 1216 1258 1311 opi·

236 1359 309 1405 nor.
362 1334 492 1432 Neque
508 1337 811 1412 tameneredibile
828 1348 893 1421 est,
910 1336 976 1408 boe
993 1358 1168 1408 venenum
1186 1357 1258 1406 non

234 1452 378 1555 omnino
395 1456 588 1529 absorberi:
616 1455 706 1526 illud
732 1449 857 1554 solum,
881 1455 920 1524 ni
936 1452 1048 1536 fallor,
1071 1452 1257 1523 Bnonlus

234 1569 407 1645 declarare
424 1573 513 1658 vult,
539 1592 836 1645 arcunonrnam
855 1589 1138 1673 nunaaaerar
1157 1580 1268 1640 tanta

234 1689 269 1758 vi
294 1690 440 1770 rodendi
470 1701 506 1763 et
531 1689 775 1762 inflammandi
800 1687 998 1785 praeditum
1026 1711 1109 1771 esse,
1136 1695 1179 1758 ut
1203 1687 1258 1757 in-

237 1806 511 1881 flammationem
536 1833 678 1905 gravem
699 1810 797 1904 prius
813 1832 960 1891 movere,
978 1830 1083 1901 quam
1101 1829 1183 1877 vaaa
1198 1805 1258 1876 ab·

100 1960 104 1965 *
234 1927 409 2000 sorbentia
426 1929 542 2000 subire
553 1927 724 2023 'potuerit
776 1927 897 1999 Pauca
913 1927 1007 1999 enim
1026 1949 1161 1998 venena
1185 1947 1256 1995 non

234 2040 490 2130 absorbentur,
517 2044 586 2115 nisi
610 2043 771 2139 equidem
789 2045 834 2116 ob
851 2045 985 2139 copiam
1002 2043 1178 2139 insignem
1195 2042 1256 2114 da·

232 2170 317 2244 tam,
335 2172 372 2232 et
388 2159 562 2247 exedendi
577 2159 782 2235 facultatem
801 2161 1005 2246 maximam,
1028 2168 1132 2232 antea
1148 2159 1255 2231 fabri·

233 2299 308 2348 eam
326 2277 513 2350 ventriculi
531 2287 567 2348 et
584 2281 659 2371 ejus
676 2301 836 2349 vasorum
861 2277 1016 2362 diruant,
1043 2302 1148 2374 quam
1167 2277 1256 2351 vasis

232 2393 497 2465 absorbentibus
513 2416 657 2466 munere
674 2394 838 2490 perfungi
854 2394 968 2468 liceat.
1162 2376 1166 2385 ⁴

282 2509 389 2596 Quae
412 2513 488 2603 jam
517 2510 675 2594 disserui,
706 2512 837 2581 firmari
867 2511 1042 2596 videntur,
1069 2514 1107 2581 in
1137 2514 1254 2582 animo

231 2627 409 2725 perpensis
427 2627 537 2721 signis
553 2625 619 2698 hoe
636 2650 770 2698 veneno
796 2650 897 2721 parce
914 2638 951 2698 et
969 2627 1121 2698 crebrius
1138 2628 1254 2723 inges-

232 2746 383 2821 toartis.
437 2744 618 2840 Siquidem
645 2743 731 2816 haee
756 2746 857 2839 signa
881 2768 1005 2839 parum
1023 2756 1086 2816 aut
1102 2743 1195 2816 nihil
1211 2748 1255 2818 ab

231 2866 275 2935 iis
304 2863 512 2959 discrepant,
543 2886 631 2959 quae
657 2868 893 2959 urguendum
917 2859 1156 2960 hydrargpra'
1181 2864 1255 2935 euti

234 3006 390 3055 summae
417 2981 620 3056 infricatum
650 2981 819 3066 molitur3
855 2981 975 3056 nullus
1002 2982 1137 3067 dubito,
1167 2983 1254 3078 quin

231 3103 395 3198 sanguini
422 3100 623 3174 circumfluo
648 3101 713 3174 boe
728 3126 862 3176 veneno
888 3102 1027 3176 imbuto
1048 3101 1251 3176 debeantur.

232 3219 336 3292 Hine
363 3219 514 3314 denique
544 3231 653 3315 patet,
683 3244 744 3292 sur
773 3220 933 3316 singulae
959 3231 1075 3316 partes
1103 3221 1252 3316 eorporis

231 3333 390 3417 humani,
416 3335 649 3417 membranae,
679 3360 764 3419 ossa,
790 3335 1022 3431 cartilagines,
1047 3336 1251 3433 ligamenta,

230 3449 387 3549 glandes,
406 3453 468 3522 &a
487 3452 632 3525 vitiosae
650 3450 747 3524 fiant.

282 3813 444 3876 ccxxr.
480 3814 544 3877 na
569 3814 865 3878 arcanorum
891 3814 1218 3880 urbanaerm

402 3940 517 4003 rosr
540 3943 749 4008 monnau
773 3926 1076 4009 narrarunt).

280 4121 403 4208 Quum
423 4122 569 4198 cdemr'ez'
586 4152 651 4200 usu
669 4128 868 4202 didicerunt
891 4128 987 4202 hune
1012 4124 1131 4212 salem,
1153 4151 1248 4200 secus

1035 4266 1055 4306 0
