3276 5194
642 519 698 573 nu
717 522 822 573 orro.
1168 510 1247 577 303

273 693 418 769 Cerebri
434 705 470 767 et
487 698 562 789 ejus
580 697 862 768 membranarum
884 719 965 768 vasa
992 696 1164 791 sanguine
1188 699 1247 770 ul·-

223 826 278 886 tra
302 812 461 885 debiturn
486 812 634 907 impleta
658 815 929 908 conspiciuntur.
982 811 1148 909 Medulla
1171 815 1251 912 ιρι.

222 929 332 1028 nolle,
349 919 493 1026 ejusque
509 931 744 1016 membranae,
761 930 912 1004 eandem
927 929 998 1003 fere
1015 934 1165 1026 speciem
1181 954 1243 1006 ex-

223 1047 361 1123 hibent.
860 1110 861 1113 ,

275 1167 538 1262 Dersanguinis
554 1164 682 1241 habitu
697 1164 760 1237 alii
776 1167 882 1239 aliter
896 1169 1074 1240 scribunt:
1102 1170 1249 1264 quidam

227 1286 405 1358 affirmant
418 1285 631 1379 sanguinem
647 1283 823 1380 liquidum
841 1285 934 1357 cordi
952 1287 1116 1382 vasisque·
1134 1291 1251 1364 omni-

224 1404 290 1475 bus
319 1401 479 1475 subesse:
515 1425 622 1496 quem
647 1412 768 1474 contra
794 1425 896 1496 saepe
922 1413 1086 1481 coactum=
1102 1407 1260 1500 reperiri·

228 1520 395 1592 Onrmn
411 1520 568 1592 asseruit.

312 1825 539 1888 CCCXVIII.
576 1825 639 1887 DE
655 1824 915 1887 'LAEDENDI
938 1824 1163 1888 RATIONE.
1202 1834 1205 1839 ⁴

276 2009 352 2082 Alii
369 2008 472 2080 aliter
488 2007 693 2093 dotatione,
719 2033 788 2104 quo
803 2008 928 2106 opium
946 2021 1106 2094 venenat,
1134 2034 1255 2082 sense-

226 2139 320 2201 runt.
372 2127 475 2200 Inter
491 2129 621 2222 primos
637 2127 745 2222 hujus
761 2129 815 2198 rei
836 2139 1044 2200 scrutatores
1066 2126 1256 2200 habendus

162 2267 167 2283 ’
226 2256 279 2320 cst
297 2245 562 2330 Wnrm1es3
593 2248 650 2316 cui
666 2245 790 2341 opium
807 2248 929 2317 nervis>
942 2247 1052 2341 partis
1069 2247 1185 2331 initio,
1211 2258 1256 2325 et

227 2362 366 2447 deinde,
392 2361 518 2433 horum
543 2363 750 2448 ministerio,
774 2387 901 2458 genere
924 2388 1069 2437 nervoso
1085 2376 1172 2451 toto,
1190 2364 1251 2465 lre-

226 2479 400 2566 betandis,
417 2480 572 2552 occidere
588 2478 738 2553 videtur.
794 2480 955 2553 Mortuo
979 2483 1151 2555 secundus
1175 2508 1249 2555 om-

226 2602 328 2700 nium
354 2601 489 2695 primns
515 2622 636 2674 verum
661 2600 844 2693 exposuit:
872 2598 966 2688 (vide
983 2598 1144 2672 Mortuo
1167 2610 1189 2640 “
1206 2626 1257 2674 on.-
1308 2589 1310 2593 ’

229 2720 292 2793 the
306 2717 453 2790 Morbid
471 2717 658 2814 Anatomy
671 2715 712 2789 of
723 2716 786 2790 the
799 2710 965 2802 Gullet,’'‘
975 2743 1009 2814 p.
1024 2725 1097 2812 92.)
1131 2719 1252 2792 Bico-

228 2859 324 2910 ulus
333 2862 436 2934 porro
449 2847 487 2911 et
499 2836 561 2908 alii
573 2835 738 2909 hodierni·
751 2848 1005 2933 compererunt,
1017 2863 1150 2910 venena
1162 2864 1260 2934 pene

229 2958 348 3030 omnia
376 2955 497 3029 eadem
527 2953 599 3028 fere
627 2956 764 3028 ratione
793 2956 941 3027 exitiosa
968 2979 1050 3028 esse.
1102 2955 1160 3027 Hi
1187 2959 1258 3030 viri
1389 3019 1392 3024 .

228 3076 452 3173 percelebres,
478 3074 729 3171 experimentis
754 3074 941 3170 permultis
956 3073 1050 3158 freti,
1076 3084 1258 3161 statuunt,

228 3195 354 3293 apium
378 3197 559 3289 ingestum
584 3194 688 3264 initio
711 3191 865 3276 efficere,
884 3218 946 3287 per
971 3203 1183 3280 contactum,
1211 3206 1259 3267 ut

229 3317 327 3387 nervi
356 3311 552 3385 ventriculi
575 3321 761 3404 torpeant,··
783 3321 826 3382 et·
850 3310 978 3382 exinde
1006 3314 1105 3383 nervi
1134 3337 1260 3387 omnes

229 3431 387 3528 ejusdem
405 3428 554 3524 torporis
571 3428 643 3498 sint
660 3427 868 3522 participem
894 3426 1033 3512 deinde,
1052 3430 1257 3525 absorptum

228 3551 275 3624 ad
300 3550 508 3647 sanguinem
535 3546 809 3619 circumeuntem
836 3545 973 3631 deferri,
1004 3557 1041 3618 et
1070 3572 1132 3643 per
1161 3573 1259 3635 eum,

228 3671 408 3742 actionem·
418 3665 559 3748 cerebri,
577 3662 753 3736 medullae
769 3660 938 3760 spinalis,
956 3664 1131 3760 pulmonis
1149 3679 1261 3762 atque

229 3786 342 3859 cordis
364 3784 555 3880 impedire3
582 3793 626 3885 et
636 3783 688 3856 ita
704 3781 821 3854 denuo
837 3806 958 3855 necem
975 3782 1111 3855 homini
1129 3785 1258 3861 adscis-

230 3928 315 3978 cere.
351 3900 501 3973 Nemini
518 3925 601 3973 sane
619 3901 704 3972 artis
721 3897 939 3972 medicinalis
956 3900 1061 3997 paulo
1079 3904 1258 3980 scientiori

231 4021 394 4093 dubitare
417 4016 513 4101 licet,
541 4018 629 4110 quin
654 4015 780 4114 opium
805 4018 987 4114 aliquanto
1004 4032 1126 4115 postea
1141 4023 1263 4095 absor-

232 4141 367 4223 beatur,
394 4160 499 4233 quam
517 4145 682 4219 voratum
695 4135 824 4209 fuerit:
851 4139 1127 4212 instrumentum
1151 4141 1258 4227 enim,

234 4254 327 4350 quod
343 4252 439 4352 apud
455 4250 641 4325 hodiernos
659 4261 680 4291 “
699 4251 1023 4353 Stomach-pumpl
1041 4255 1257 4344 nominatur,
