3276 5194
357 568 361 573 ’
492 574 755 646 ru'vneornru
774 593 1008 647 convaasrs.
1191 574 1262 644 353

242 768 314 839 cit:
333 769 427 864 quod
444 771 473 841 si
490 793 652 841 nummos
669 792 786 841 secum
798 768 888 840 ferat
904 777 1096 862 argenteos,
1106 767 1145 839 hi
1156 766 1264 860 nigri·

244 892 336 954 cant.
375 882 499 955 Homo
510 884 587 978 ipse
603 883 750 978 languet
762 883 880 954 animo
893 891 930 953 et
943 907 1093 976 corpore,
1105 908 1144 955 os
1158 880 1265 953 saliva

245 1008 374 1071 scatet:
400 999 579 1072 anhelitus
591 999 790 1095 graveolet:
806 1001 971 1096 gingivae
982 998 1203 1084 mollescunt,
1214 1008 1266 1070 te-

244 1138 417 1212 ceraeque
440 1119 555 1190 fiunt:
582 1104 705 1189 dentes
731 1116 920 1213 aliquando
949 1117 1057 1189 soluti
1086 1116 1265 1188 excidunt

243 1230 364 1304 Alvus
381 1232 488 1305 lireior
504 1235 568 1306 fit:
596 1234 687 1306 cutis
704 1257 804 1328 saepe
823 1233 947 1306 sudore
970 1233 1105 1327 copioso
1124 1231 1266 1303 diffluit.

128 1364 131 1369 '
244 1347 286 1420 Si
312 1351 368 1422 cui
394 1349 538 1425 habitus
564 1353 714 1448 corporis
738 1352 851 1424 malus
877 1354 1070 1448 contingat,
1088 1362 1194 1446 atque
1210 1347 1269 1420 hic

245 1487 350 1562 vapor
375 1466 556 1542 luctuosus
583 1470 749 1541 meracior
774 1479 880 1563 atque
903 1467 1038 1541 diutius
1056 1492 1137 1541 eum
1155 1467 1268 1538 subie-

245 1583 317 1668 rit3
344 1596 449 1657 notae
474 1590 608 1682 pejores
637 1586 858 1680 supervenire
874 1595 1042 1680 possunt3
1068 1584 1161 1657 labia
1178 1582 1268 1656 scili-
1302 1662 1307 1671 ,

246 1712 312 1786 cet,
329 1702 463 1798 lingua,
478 1728 604 1798 genae,
628 1703 785 1799 aliaeque
811 1716 926 1799 partes
951 1704 1163 1775 membranis
1189 1727 1270 1773 mu·
1391 1726 1394 1731 ·

246 1820 333 1892 cosis
350 1823 518 1906 obtectae,
540 1821 723 1894 interdum
749 1847 950 1918 gangraena
976 1831 1013 1894 et
1039 1820 1201 1916 sphaoelo
1218 1819 1271 1890 di·

245 1947 407 2009 ruuntur.
461 1937 500 2010 Si
530 1954 643 2033 aeger,
673 1938 767 2010 inter
795 1938 983 2022 edendum,
1013 1938 1190 2035 cochleare
1218 1961 1271 2009 ar-

245 2063 415 2148 genteum
443 2057 495 2125 ori
519 2054 696 2138 admovet*
724 2053 903 2149 extemplo
919 2052 985 2125 hoc
1001 2055 1201 2134 obfuscatur
1218 2053 1274 2124 vel

107 2237 111 2240 ,
247 2171 435 2266 nigricatr
457 2171 595 2243 assidue
628 2194 728 2264 porro
762 2170 868 2241 homo
901 2189 1057 2264 ¹saporem
1090 2171 1273 2266 ingratum

248 2289 429 2381 queritur3
456 2313 560 2383 quem
591 2311 758 2383 cupreum
775 2297 898 2358 vocat:
925 2285 1100 2388 siquidem
1129 2286 1195 2358 hoc
1216 2310 1273 2358 ve·

249 2425 383 2477 nenum
413 2406 615 2501 absorptum
645 2405 768 2478 eodem
796 2429 915 2500 sapore
944 2430 981 2477 os
1011 2404 1171 2489 offendit,
1204 2428 1274 2500 quo

251 2522 409 2620 cuprum,
440 2534 546 2619 atque
572 2524 688 2597 multa
712 2549 756 2595 ex
781 2549 821 2596 eo
846 2535 1060 2619 praeparata.
1125 2525 1273 2597 Praeter

250 2639 347 2726 haec,
358 2640 434 2719 alvi
452 2641 569 2712 fluxus
586 2640 745 2726 crudelis,
760 2641 912 2712 tormina
929 2641 1060 2725 acerba,
1079 2651 1219 2726 tremor,
1237 2650 1274 2714 et

196 2796 200 2805 ·
252 2785 354 2856 saepe
378 2756 585 2856 paralysis
615 2757 809 2843 accedunt3
837 2758 944 2853 nique
974 2783 1028 2830 ars
1054 2758 1274 2831 medicinalis

252 2877 459 2971 tempestive
476 2886 513 2948 et
529 2876 654 2947 acriter
671 2876 855 2959 renitatur,
881 2876 918 2945 in
945 2876 1081 2948 exitum
1104 2874 1274 2948 lethalem

250 2997 394 3067 abeunt.

217 3265 219 3268 ’
353 3294 569 3361 coonxrv.
601 3296 666 3359 nn
690 3293 927 3359 armanus
949 3289 1170 3357 ursnms.
1250 3373 1259 3391 ,

302 3483 344 3554 si
369 3482 448 3577 quis
469 3480 572 3552 malis
593 3485 669 3574 jam
694 3476 877 3571 descriptis
906 3476 1051 3559 laborat,
1077 3498 1182 3570 quam
1205 3477 1276 3570 pri-

253 3598 353 3671 mum
371 3599 555 3694 vaporibus
577 3598 655 3668 istis
671 3595 802 3666 nocivis
819 3593 1064 3665 subducendus
1080 3604 1156 3665 est:
1182 3593 1277 3664 coelo

176 3738 178 3742 ·
254 3744 342 3815 puro
367 3743 447 3789 eum
473 3716 679 3789 circumdari
702 3724 862 3809 oportet:
888 3714 970 3785 dein
997 3710 1153 3810 sulphur
1165 3709 1278 3785 subli-

255 3843 393 3908 matram
410 3845 473 3906 aut
485 3831 786 3930 praecipitatum,
804 3842 866 3902 aut
882 3827 1141 3927 scalpturarum
1152 3838 1280 3928 potos·
1370 3916 1372 3923 ¹

255 3977 319 4025 aaa
346 3953 589 4047 ingerendum.
652 3949 737 4021 Hoc
763 3948 1061 4020 medicamentum
1085 3947 1277 4042 plurimum

252 4076 380 4165 juvat3
409 4096 449 4141 eo
472 4068 565 4163 quod
588 4092 668 4139 eum
694 4076 839 4162 argento
857 4067 946 4148 vivo,
973 4065 1104 4163 ubique
1130 4064 1279 4158 corporis

256 4188 440 4269 sociatum,
471 4184 626 4279 ejusdcm
652 4184 741 4261 vires
771 4181 937 4254 obtundit
964 4181 1020 4252 vel
1042 4179 1147 4251 delet.
1201 4178 1280 4251 Nec

259 4303 329 4374 alia
346 4327 428 4374 sane
445 4303 581 4374 ratione
598 4298 745 4393 sulphur
762 4299 805 4369 iis
823 4297 1002 4380 succurrit,
1019 4319 1105 4390 quos
1123 4295 1192 4368 alia
1208 4320 1279 4369 mc·

1029 4436 1055 4484 z
