3276 5194
396 514 471 591 286
580 533 636 584 na
656 529 973 584 cuum-nasum
993 528 1228 583 coisacam.

393 711 553 794 afferant,
573 706 738 780 cadavere
755 707 977 801 introspecto,
995 728 1159 802 persaepe
1176 705 1291 779 aciem
1303 705 1414 777 medi-

393 850 512 901 corum
529 825 648 899 latere.

444 942 546 1018 luter
562 967 697 1017 venena
722 943 814 1015 acria
843 952 937 1015 tarra
964 951 1058 1026 nata,
1075 941 1259 1039 praecipue
1286 951 1416 1015 notatu

391 1062 501 1165 digna
529 1078 625 1145 sunt,
649 1057 937 1157 gummi-resina
965 1056 1239 1155 Stologrnitidis
1267 1057 1416 1133 Cambo-

390 1177 543 1278 gioidc's,
568 1176 669 1249 radix
691 1175 732 1247 V
725 1172 846 1248 aratri
867 1171 953 1255 albi,
970 1173 1072 1246 radix
1087 1172 1285 1248 Hellabori
1307 1173 1415 1271 nigri

396 1310 503 1395 atque
502 1294 589 1396 fine
574 1292 652 1379 ridi,
670 1318 792 1367 succus
808 1289 1065 1365 Momcrdcoae
1073 1290 1262 1376 Elotana
1254 1291 1414 1367 ·fructus

400 1412 615 1492 Cucnmeris
635 1411 811 1509 Codrcyot
795 1408 918 1496 tomis,
930 1410 1218 1509 gommaresina
1235 1411 1421 1511 Euphor-

396 1535 478 1610 biac
493 1529 668 1632 ‹ffcinol
654 1555 696 1616 ts,
713 1530 797 1603 folia
820 1528 1008 1627 Jontpesa·
1023 1527 1196 1618 Sabinae,
1214 1532 1426 1606 Aconitnm·

396 1649 596 1755 Napellus.
648 1649 737 1722 Huc
753 1649 854 1744 adj'‘
812 1672 879 1721 rcro
904 1646 1029 1722 mitras
1054 1673 1105 1747 po
1105 1655 1249 1732 taraone,-
1286 1652 1417 1748 quippe

396 1772 491 1870 quod
514 1769 647 1867 plantis
668 1675 877 1862 quibusdam
895 1767 1031 1839 acribus
1047 1768 1191 1854 subest3
1218 1778 1255 1841 et
1271 1767 1416 1843 fortasse

398 1888 595 1965 venenandi
611 1885 817 1958 facultatem
835 1885 880 1957 iis
895 1886 1066 1982 impertit.

397 2208 513 2274 CCCI.
554 2205 618 2270 DE
642 2205 1013 2271 GUMMI-RESINA
1036 2204 1422 2272 STALAGMITIDIS

724 2330 1093 2427 cAMBOGIOIDEa

396 2604 400 2609 ⁴
451 2514 755 2598 Gummi-resino,
773 2515 829 2584 oui
847 2536 973 2584 nomen
1001 2511 1123 2586 Gutta
1135 2511 1350 2611 gornbogio,
1366 2530 1419 2592 est

399 2658 521 2708 succus
545 2644 726 2707 concretus
751 2632 848 2704 aurei
872 2630 1004 2714 coloris,
1030 2655 1135 2725 quem
1162 2631 1246 2704 folia
1271 2645 1307 2707 et
1331 2639 1419 2710 rami

399 2750 486 2826 Stol
484 2758 602 2849 agnat
580 2749 675 2822 'tidie
691 2745 975 2845 cambagior'dis
966 2749 1075 2819 meisa
1091 2748 1256 2825 fundunt.
1288 2754 1421 2828 Planta
1536 2788 1539 2792 ·

398 2874 475 2968 ipsa
490 2871 530 2941 in
547 2869 654 2942 India
671 2866 847 2941 Orientali
865 2867 972 2961 viget.
1008 2864 1113 2938 Haec
1133 2869 1293 2964 gummc'-
1278 2873 1418 2946 -resr'no

401 2987 597 3063 madefacta
613 2970 846 3083 pulcherrime
862 2984 1026 3056 flavescit.
1078 2985 1190 3080 Aqua
1205 2987 1292 3061 duos
1314 2993 1421 3064 trien-

401 3122 466 3191 tes,
483 3100 622 3179 cleodol
636 3127 747 3174 unum
765 3100 895 3174 solvere
912 3114 1049 3197 potest.
1079 3103 1173 3177 unde
1190 3109 1419 3181 statuendum

401 3236 455 3298 est
475 3219 714 3320 gombogiam
739 3220 847 3316 duplo
871 3220 951 3316 plus
971 3224 1117 3317 gummi
1143 3247 1248 3317 quam
1275 3228 1422 3303 resinae

400 3343 538 3418 habere.

453 3457 665 3557 Gambogia
687 3461 827 3554 ingesta
849 3457 968 3531 alvum
993 3461 1159 3533 acerrime
1180 3474 1330 3560 purgat3
1358 3467 1422 3538 sci-

338 3590 342 3597 '
401 3582 495 3665 licet,
522 3579 675 3653 tormina
691 3588 797 3674 atque
814 3577 1025 3673 dejectiones
1046 3577 1199 3673 liquidas
1216 3593 1255 3654 et
1270 3583 1422 3678 copiosas

401 3708 540 3772 movet:
565 3708 602 3769 et
619 3695 746 3768 exinde
761 3693 917 3790 hydrope
940 3706 977 3767 et
998 3691 1139 3768 diabete
1163 3696 1295 3772 mellito
1319 3724 1423 3773 vexa-

402 3817 450 3904 tis
467 3840 568 3911 saepe
584 3813 789 3913 opitulatur.
842 3813 881 3886 si
898 3813 1023 3886 modus
1046 3815 1282 3911 amplissimus
1305 3845 1423 3893 conce-

403 3932 515 4016 ditur,
541 3943 654 4005 morte
683 3932 836 4015 multare
859 3942 987 4028 potest,
1013 3932 1091 4005 alvo
1116 3947 1254 4031 praeter
1278 3939 1421 4011 modum

402 4049 618 4134 solicitanda,
644 4060 752 4144 atque
775 4050 987 4127 membranis
1013 4055 1163 4129 mucosis
1190 4066 1354 4130 contactu
1370 4057 1424 4130 in-

402 4167 633 4245 flanrmandis.
