3276 5194
487 527 543 576 nn
561 525 755 579 nocturn
775 525 945 577 utuntur.
1157 511 1227 581 273

208 818 510 887 cccxxxvm.
534 822 598 886 nu
623 822 777 886 smum
801 777 1057 885 sADAvunu
1082 786 1231 883 sucro

596 948 843 1010 auruncus.

257 1194 378 1279 Quem
394 1194 493 1290 copia
509 1193 696 1266 immodica
718 1194 987 1292 supercoelestis
1006 1194 1151 1294 plumbi
1173 1198 1228 1269 in-

210 1314 393 1408 gurgitata
421 1313 573 1399 ene'ouit,
592 1338 730 1410 corpore
759 1315 982 1411 introspecto,
1001 1312 1087 1387 haec
1118 1326 1232 1410 pates·

211 1440 318 1501 cunt:
344 1428 437 1500 mala
462 1429 711 1515 accenduntur,
727 1430 844 1526 ,longe
870 1432 915 1502 ab
937 1432 981 1503 iis
999 1430 1124 1513 aliena,
1143 1455 1233 1526 quae

208 1546 395 1643 plumbum
426 1572 528 1642 parce
561 1550 739 1644 ingestum
769 1547 901 1620 infert:
935 1548 1149 1621 ventriculus
1177 1550 1233 1620 in-

211 1665 489 1738 flammationem
515 1666 660 1737 subiisse
685 1666 906 1759 conspicitur,
930 1663 1138 1760 easdemque
1162 1663 1235 1737 fere

211 1795 314 1857 notes
340 1785 507 1870 ostendit,
534 1810 623 1880 quae
640 1810 683 1857 ex
701 1784 818 1880 aliquo
835 1808 968 1856 veneno
992 1785 1137 1876 rodente
1157 1809 1235 1857 nas-

211 1913 349 1976 cuntur.
403 1902 528 1976 Facies
545 1907 621 1999 ejus
639 1904 783 1975 interior
799 1900 895 1973 haud
911 1926 988 1974 raro
1008 1902 1154 1974 maculis
1181 1903 1236 1974 ui·

212 2021 294 2116 gris,
323 2022 435 2092 cruori
464 2022 561 2093 intus
590 2020 669 2093 fuso
694 2019 833 2104 debitis,
859 2020 1015 2093 vitiatur.
1068 2019 1236 2093 Ouarna

213 2163 277 2211 nos
302 2139 453 2224 edocuit,
480 2140 617 2233 quoties
643 2138 785 2221 animal,
813 2139 952 2233 ingesta
974 2162 1103 2233 magua
1128 2136 1235 2232 hujus

213 2257 339 2328 veneni
356 2257 465 2349 copia,
481 2257 589 2351 periit
606 2258 693 2328 citra
709 2254 894 2338 vomitum,
918 2257 1157 2327 membranam
1174 2279 1236 2327 no·

215 2395 305 2454 vam,
332 2373 500 2443 subcaesii
517 2369 650 2457 eoloris,
674 2369 781 2467 paulo
797 2371 1008 2463 crassiorem,
1025 2370 1124 2445 faciei
1143 2373 1236 2444 inte·

214 2488 297 2587 riori
314 2487 502 2560 ventriculi
527 2487 698 2561 adnexam
728 2486 901 2572 inveniri3
928 2490 1237 2582 membranamque

214 2630 390 2680 mucosam
415 2608 449 2678 ei
471 2607 662 2701 subJectam
691 2606 838 2678 colorem
868 2605 1018 2678 similem
1044 2607 1111 2679 sibi
1140 2631 1236 2702 prae·

217 2724 316 2797 ferre.

257 2840 366 2925 Quod
381 2844 410 2914 si
424 2841 489 2914 hoc
499 2866 673 2914 venenum
689 2844 828 2939 parcius
840 2853 877 2916 et
891 2842 1042 2914 crebrius
1054 2841 1237 2915 admotum

216 2970 329 3033 morte
346 2961 465 3033 seriori
482 2959 661 3033 hominem
679 2961 894 3046 mtdtaverit
918 2961 1140 3058 signalonge
1157 2962 1237 3046 alia,

216 3089 309 3152 secto
325 3078 502 3166 cadavere,
528 3090 708 3176 apparent.
761 3079 940 3153 Convenit
964 3080 1060 3152 inter
1076 3079 1238 3165 medicos,

215 3197 377 3270 alimenti
407 3198 564 3271 canalem
592 3223 664 3271 uon
694 3195 806 3271 colico
829 3199 1017 3295 pictonum
1044 3200 1239 3294 absumptis

220 3313 466 3395 inflammari,
482 3326 520 3385 at
549 3316 761 3386 intestinum
790 3315 1004 3397 universum,
1035 3317 1238 3410 praesertim

218 3428 320 3504 colon
336 3442 443 3527 atque
459 3438 610 3515 rectum,
623 3446 760 3527 praeter
775 3441 938 3503 naturam
958 3442 1171 3503 coarctatum
1189 3457 1241 3504 re-

218 3548 335 3644 periri.
387 3548 575 3622 Interdum
587 3573 669 3620 vasa
684 3545 866 3646 chylifira
883 3559 920 3621 et
937 3545 1171 3644 lymphatica,
1189 3560 1242 3623 at·

219 3692 287 3762 que
303 3666 438 3740 ductus
455 3665 671 3751 chararicus,
683 3691 794 3764 aequo
810 3667 957 3739 arctiora
973 3675 1066 3738 sunt.
1105 3665 1243 3761 Corpus

221 3785 409 3879 insigniter
438 3786 592 3883 tabuisse
620 3785 771 3861 ridetur.
810 3769 996 3869 ¹Museuli,
1027 3785 1242 3879 praesertim,

222 3910 376 3985 artuum,
393 3902 456 3995 qui
474 3901 617 3988 scilicet,
635 3901 779 3974 homine
790 3905 867 3997 jam
885 3902 1050 3997 spirante,
1068 3900 1243 4000 paralysi

221 4018 366 4094 resoluti
396 4017 548 4105 fuerant,
564 4033 701 4116 praeter
730 4020 872 4094 solitum
899 4021 1046 4093 candere
1071 4019 1242 4092 feruntur.

222 4137 313 4209 Veri
331 4147 385 4209 est
401 4134 516 4209 simile
532 4160 666 4210 venena
682 4163 702 4210 e
718 4136 863 4233 plumbo
888 4136 1045 4211 confecta
1069 4132 1245 4206 muscidos

221 4254 394 4339 dealbare,
408 4252 620 4329 osmazcmr'o
635 4255 806 4329 diruendo
817 4254 872 4327 vel
888 4250 1082 4338 mutand03
1102 4251 1131 4322 si
1148 4250 1245 4321 enim
