3326 5188
576 578 633 634 oo:
651 540 779 633 neruo
797 578 982 634 urnnrco.
1220 559 1290 639 241
1335 567 1337 570 ’

263 757 477 830 cumflueute
504 758 610 832 misto
638 757 779 831 deberi:
810 756 1017 852 quinetiam,
1044 753 1223 825 cerebrum
1252 761 1290 822 et

263 900 330 962 cor,
347 875 453 949 simul
470 874 664 949 ventriculo
681 899 787 959 eroso,
813 873 918 958 laedi,
935 882 1078 969 propter
1095 870 1225 943 mirum
1242 868 1288 941 is-

262 1005 341 1066 tum
371 1018 590 1074 consensum,
623 1018 703 1087 quo,
732 993 849 1064 nervis
881 991 1174 1074 ministrantibuS,
1203 987 1291 1063 haec

262 1113 392 1185 viscera
407 1121 445 1183 et
462 1109 679 1183 ventriculus
705 1110 855 1183 invicem
883 1110 1118 1182 consentiunt.
1172 1107 1211 1180 Si
1225 1133 1289 1183 au-

263 1241 336 1302 tem
353 1228 479 1300 modus
497 1230 647 1325 exiguus
663 1225 763 1300 acidi
788 1226 929 1323 uitrici,
952 1226 1179 1323 ejusdemque
1203 1250 1290 1321 pau·
1364 1310 1367 1315 4

261 1344 297 1418 lo
321 1344 509 1431 dilutioris,
536 1346 651 1419 fatum
679 1346 872 1418 serotinum
898 1344 1086 1432 intulerit3
1114 1353 1177 1417 aut
1202 1345 1291 1416 cina

261 1472 422 1546 mortem,
454 1461 694 1536 valetudinem
722 1464 912 1558 pervitam
937 1461 1288 1558 reliquaminfirma·

261 1583 361 1664 verit,
388 1592 452 1654 aut
481 1582 695 1678 corruperit:
730 1583 849 1653 omnia
881 1581 975 1653 mala
1007 1591 1112 1672 antea
1138 1578 1289 1676 descrip-

262 1709 301 1768 ta
314 1697 463 1787 (veneno
478 1700 531 1770 ita
548 1702 703 1792 sumpto)
717 1696 822 1792 plane
835 1721 879 1769 ex
896 1694 1001 1769 acido
1018 1697 1179 1792 absorpto
1196 1704 1233 1767 et
1249 1696 1287 1769 in

263 1813 427 1889 humores
444 1818 700 1889 circumeuntes
717 1814 835 1890 delato
851 1824 1053 1890 nascuntur.

293 2163 420 2227 CCLV.
453 2166 518 2228 DE
544 2164 762 2230 RATIONE
786 2166 979 2230 ACIDUM
1004 2167 1250 2230 NITRICUM

627 2291 922 2356 DETEGENDI.

196 2511 199 2518 '
308 2535 343 2584 α.
373 2512 411 2586 Si
436 2512 541 2586 homo
566 2516 722 2590 multum
748 2515 847 2588 acidi
871 2514 1001 2595 uitrici
1022 2518 1150 2590 meraci
1168 2544 1286 2615 sump-

260 2635 354 2718 serit,
386 2634 527 2706 difficile
556 2659 625 2706 nou
657 2636 725 2708 erit
757 2633 853 2707 idem
882 2634 1094 2731 dignoscere.
1159 2636 1285 2712 Sordes

257 2752 352 2823 enim
370 2752 565 2825 ventriculo
582 2750 739 2824 defuncti
768 2751 921 2824 deducta
946 2777 1051 2848 cupro
1065 2777 1067 2781 ·
1080 2751 1218 2849 adjecta
1234 2757 1285 2830 fc-

258 2867 307 2940 cit
324 2879 366 2939 ut
382 2894 444 2965 gas
461 2865 626 2966 ooepdcrm
643 2868 820 2942 ultricum
836 2869 1039 2943 evolvatur:
1066 2872 1159 2967 quod
1175 2876 1284 2968 proti·

256 3011 335 3072 nus,
361 3003 502 3084 accepto
527 2989 724 3087 ooepgcnio,
750 2990 923 3075 aurescit3
950 2990 1130 3078 nimirum,
1153 2993 1191 3065 iu
1209 2994 1281 3067 aci-

254 3102 343 3178 dum
360 3105 542 3180 nitrosum
558 3109 782 3181 convertitur.
818 3108 1001 3205 'Superest
1024 3107 1148 3185 nitran
1171 3113 1280 3207 cupri,

258 3224 371 3297 colore
387 3226 546 3299 coeruleo
564 3228 756 3323 cognitum.

305 3340 337 3413 b.
365 3341 405 3414 Si
430 3342 546 3415 sordes
572 3355 675 3418 antea
701 3344 796 3418 dicto
820 3354 974 3446 potasset
991 3349 1166 3437 miscetur,
1184 3350 1279 3426 illico

254 3458 418 3554 gignitur
434 3459 563 3532 exinde
590 3460 639 3533 sal
664 3462 731 3534 iste
748 3464 952 3537 notissimus
969 3463 1092 3537 nitran
1106 3474 1279 3564 poterone

254 3575 393 3651 dietus:
428 3603 473 3649 ex
504 3603 583 3673 quo,
614 3579 782 3677 sulphure
812 3593 848 3655 et
874 3582 1020 3657 carbone
1044 3584 1162 3681 ligneo
1186 3588 1280 3662 iuter
1406 3669 1409 3675 ,

252 3719 288 3767 ce
313 3696 429 3769 mistis
453 3697 636 3770 conficitur
660 3700 775 3795 pulvis
801 3702 868 3776 iste
894 3703 1073 3790 exitiosus,
1091 3708 1276 3783 vernacule

254 3820 275 3850 “
285 3810 544 3908 gonpozoder’
561 3816 774 3891 nominetur.
827 3817 1008 3916 Denique,
1030 3831 1158 3896 natura
1174 3825 1276 3898 visci-

252 3926 298 4001 da
315 3929 468 4016 etlinun,
494 3931 532 4002 in
556 3958 661 4030 quam
687 3934 788 4009 acidi
816 3936 944 4012 uitrici
971 3954 1040 4014 est.
1054 3944 1275 4019 membranas

249 4069 408 4121 mucosus
436 4050 642 4126 animalium
672 4056 830 4128 omnium
858 4070 1067 4145 convertere,
1101 4072 1208 4158 atque
1236 4090 1273 4136 o·

250 4165 314 4238 dor
338 4169 392 4239 sui
419 4169 553 4256 similis,
571 4196 677 4268 quem
694 4172 803 4260 halat,
826 4176 924 4252 heud
948 4203 1072 4275 parum
1089 4203 1211 4273 operae
1227 4179 1273 4252 ad

1005 4336 1027 4381 Q
