3276 5194
402 552 459 606 oa
477 550 756 605 cnunnamoa
774 551 1063 604 vnsrcnnoms.
1175 536 1245 604 281

241 700 247 713 κ
278 727 365 812 Qua
376 728 698 799 ratione-venenum
715 727 932 822 propositum
948 735 1083 810 noceat,
1093 726 1249 799 oratione

227 844 397 940 producta
413 868 578 940 quaerere
602 867 673 916 non
697 867 785 938 opus
806 852 869 915 est.
921 840 1035 937 Copia
1051 843 1176 939 ingens
1191 868 1250 917 vo·

229 971 307 1034 rata
330 963 407 1035 sine
431 959 540 1033 dubio
556 959 790 1033 ventriculum
808 972 845 1031 et
861 959 1072 1031 intestinum
1094 985 1157 1056 per
1172 986 1252 1035 con·

230 1088 365 1161 tactum
395 1077 617 1149 inflammat:
652 1086 789 1148 caetera
816 1075 989 1149 malorum
1019 1077 1052 1149 ei
1081 1077 1252 1174 absorpto,

231 1207 338 1292 atque
355 1196 400 1268 ad
415 1220 515 1268 renes
541 1218 621 1267 cum
647 1196 819 1291 sangnine
842 1185 1107 1268 circumfluente
1123 1196 1251 1283 delato,

232 1313 422 1387 tribuenda
439 1324 532 1387 sunt.
583 1310 714 1407 Neque
734 1311 830 1384 ullus
846 1311 980 1397 dubito,
999 1313 1085 1408 quin
1102 1311 1254 1386 cautla-

232 1429 334 1504 rr'dcs
359 1432 503 1504 demum
534 1454 614 1502 cum
644 1428 850 1502 humoribus
879 1431 1176 1504 circumeuntibus
1203 1455 1255 1504 so·

232 1551 353 1634 ciatae,
364 1549 495 1628 canalis
510 1548 673 1620 alimenti
688 1547 1004 1622 inflammationem
1018 1557 1123 1620 antea
1136 1572 1255 1622 accen-

234 1692 309 1741 sam
325 1666 551 1741 vehementer
568 1675 784 1761 exasperent.

242 1972 426 2035 CCXCVI.
458 1972 524 2035 DE
547 1968 737 2034 VENENO
760 1967 1068 2045 DETEGENDO,
1089 1967 1254 2046 ATQUE

494 2096 777 2159 CURATIONE
801 2094 994 2157 IDONEA

284 2278 476 2351 Probabile
504 2287 557 2349 est
584 2276 746 2371 quodque
772 2301 817 2348 ex
842 2274 1108 2350 medicamentis
1135 2284 1261 2370 poten-

237 2397 386 2470 tionibus
399 2397 443 2468 ab
456 2393 667 2467 animalibus
684 2404 747 2466 aut
763 2393 896 2489 plantis
912 2392 1073 2467 deductis
1089 2392 1262 2488 principio

238 2516 309 2586 acri
325 2515 380 2585 sui
404 2511 512 2583 simili
539 2517 614 2608 ejus
625 2566 629 2572 -
640 2510 857 2594 facultatem,
875 2512 948 2582 sive
963 2508 1171 2591 venenandi,
1189 2509 1262 2581 sive
1339 2567 1351 2588 ,

242 2633 372 2704 morbis
389 2627 564 2713 medendi,
582 2628 727 2724 debere:
754 2651 860 2721 quam
877 2625 1030 2723 plurima
1046 2626 1140 2697 enim
1157 2649 1202 2696 ex
1218 2626 1263 2697 iis

241 2751 331 2820 acies
346 2745 579 2819 chemicornm
592 2748 669 2838 jam
686 2742 876 2840 patefecit3
903 2742 1015 2815 veluti
1032 2740 1264 2838 Morpltiam,

241 2863 494 2962 Strycluriacr,
524 2860 806 2958 Hyoscymiam,
835 2857 1118 2943 Piero-localem,
1147 2857 1265 2930 Kisti-

242 3008 313 3070 um,
330 2987 387 3056 bc.
405 2985 467 3054 &e
520 2979 659 3075 Nuperi
678 3003 780 3076 porro
799 2975 1113 3051 Cantharidirram
1141 2978 1186 3049 ab
1211 2977 1265 3048 in·

242 3103 355 3186 sectis,
372 3100 417 3172 de
433 3100 560 3195 quibus
576 3098 724 3193 agimus,
739 3104 979 3168 extraxerunt.
1032 3092 1127 3165 Cum
1144 3105 1265 3167 tamen

244 3217 382 3289 nullam
408 3214 581 3286 rationem
613 3211 770 3305 ejusdem
799 3208 1056 3305 dignoscendae
1086 3208 1268 3307 hucusque

245 3322 484 3412 edocuerunt3
512 3350 581 3420 quo
596 3324 835 3398 cantharides
856 3328 1013 3421 ingestas
1034 3350 1155 3399 necem
1172 3329 1270 3401 intu-

245 3452 327 3524 lisse
357 3456 565 3527 statuamus,
595 3444 704 3538 signis
733 3443 829 3539 ipsis,
856 3443 1147 3538 potissimumque
1179 3445 1270 3515 min-

246 3565 356 3665 gendi
372 3561 587 3647 difficultati,
606 3561 728 3632 urinae
745 3571 923 3644 cruentae,
940 3558 1007 3631 coli
1023 3574 1191 3655 porrecto,
1208 3585 1271 3633 no-

248 3686 365 3778 tisque
376 3677 565 3752 ventriculi
580 3676 793 3748 inflammati
809 3674 917 3748 simul
933 3676 1152 3771 urgentibus,
1169 3677 1272 3751 insis-

250 3799 399 3873 tendum
432 3797 511 3868 erit.
565 3794 604 3867 Si
634 3793 798 3889 equidem
828 3794 1091 3889 cognoverimus
1120 3793 1273 3869 cansta-

249 3914 352 3989 rr‘dss
379 3915 418 3986 in
444 3912 626 4008 pulverem
653 3912 811 3985 redactas
841 3923 999 4007 sumptas
1028 3911 1134 3985 alicui
1164 3915 1273 3988 exitio

188 4064 192 4073 ¹
249 4035 378 4119 fuisse3
395 4030 524 4103 medici
542 4031 619 4115 erit,
630 4028 739 4104 inciso
753 4029 928 4115 cadavere,
939 4031 1178 4104 membranam
1195 4054 1273 4101 mu-

248 4152 365 4226 cosam'
391 4147 521 4222 canalis
546 4148 701 4220 universi
730 4147 852 4221 sedulo
881 4148 1076 4242 inspicere3
1105 4146 1161 4215 cui
1180 4129 1273 4216 ¹eum

251 4269 430 4366 pulverem
448 4265 516 4363 hic·
531 4265 604 4339 illic
628 4263 768 4340 haerere
785 4275 1008 4359 conspectum
1027 4263 1070 4334 iri
1088 4260 1275 4335 verisimile
