3276 5194
570 533 625 584 nn
644 532 878 584 Anconons.
1161 514 1231 583 337

216 710 371 803 emplum
397 706 597 802 perinsigne
623 703 756 777 edidit:
793 700 968 801 quendum
986 702 1117 774 sedicet
1133 724 1271 789 enar--.

210 839 282 921 ¹rat,
312 826 422 921 epotis
450 823 550 896 libris
579 822 715 893 duabus
750 820 918 894 alcolrolr's
952 820 1019 892 olei
1052 815 1235 914 Junipert

78 942 82 948 ’
217 943 411 1013 communis
438 941 596 1021 imbutis
626 939 773 1023 obiisse3
805 939 861 1010 cui
891 937 1077 1035 ventriculi
1106 934 1235 1007 cerebri

217 1056 391 1131 laterales
407 1081 481 1128 sero
497 1057 565 1128 isto
590 1053 725 1149 liquore
749 1055 880 1128 infecto
897 1056 1097 1127 statuerint.
1151 1050 1236 1123 Non

218 1174 313 1270 quod
329 1175 419 1258 atria
436 1173 565 1244 cerebri
583 1172 687 1243 unica
703 1184 790 1266 potu
806 1174 967 1267 absorpto
984 1171 1238 1268 inquinantnr3

220 1289 386 1386 quicquid
402 1290 497 1361 enim
515 1290 716 1383 absorptum
734 1291 905 1385 sanguine
921 1291 1096 1371 miscetur,
1123 1287 1161 1357 id
1186 1297 1237 1358 to·
1326 1344 1329 1347 .

168 1460 171 1467 ·
219 1417 305 1491 tuni¹
322 1430 444 1501 corpus
469 1404 662 1499 aequaliter
688 1407 810 1477 subeat
834 1429 972 1477 necesse
989 1413 1061 1477 est:
1088 1402 1132 1475 de
1149 1427 1240 1474 cere-

220 1523 282 1595 bro
309 1523 420 1617 igitur
447 1521 643 1593 PAnrsrus
673 1520 763 1593 hanc
788 1545 861 1593 rem
879 1522 1066 1616 praedicat,
1090 1544 1131 1591 eo
1148 1517 1243 1613 quod

221 1637 360 1712 alcotot
384 1638 491 1734 hujus
517 1639 635 1732 potius
652 1663 766 1747 ‘quam
784 1639 930 1713 aliorum
947 1643 1117 1712 viscerum
1135 1638 1242 1711 actio-

222 1779 304 1826 nem
322 1756 464 1838 turbat3
491 1753 649 1848 ideoque,
672 1753 836 1827 cadavere
853 1755 1037 1852 patefacto,
1064 1754 1240 1828 cerebrum

223 1895 305 1968 prae
321 1870 399 1953 aliis
415 1871 583 1966 partibus,
601 1872 780 1965 introspici
798 1872 985 1943 consuevit.

371 2176 498 2238 CCCL.
531 2176 595 2238 DE
619 2174 856 2237 REMEDIIS
879 2175 1099 2236 UTENDIS.

278 2368 317 2438 Si
335 2368 412 2461 quis
428 2368 586 2441 animum
603 2368 755 2462 graviter
772 2368 996 2463 perturbatus
1008 2367 1146 2455 libram,
1158 2365 1245 2441 duas

228 2483 333 2555 libras
365 2493 427 2554 aut
456 2482 607 2577 amplius
636 2481 807 2556 adcolwlr's
834 2485 1043 2580 ingurgitat,
1069 2508 1140 2554 non
1164 2484 1244 2568 nisi,

229 2599 422 2673 ventriculo
438 2600 665 2672 instrumenti
693 2625 768 2695 ope,
794 2602 850 2672 cui
870 2625 998 2672 nornen
1025 2612 1047 2641 ‘⁶
1065 2600 1247 2672 Stomach-

230 2722 370 2814 pump‚’'
388 2718 595 2814 tempestive
612 2717 763 2812 depleto,
778 2718 892 2790 salvus
905 2719 981 2790 fieri
998 2719 1148 2812 poterit:
1176 2742 1248 2790 me-

231 2834 406 2931 dicamina
419 2835 513 2906 enim
528 2835 677 2907 vomitui
690 2834 861 2909 movendo
878 2847 960 2931 apta
972 2858 1151 2931 perperam
1165 2834 1250 2907 dan-

231 2965 290 3026 tur
301 2977 318 3038 ;.
338 2951 510 3049 siquidem
529 2953 636 3025 fibrae
653 2954 839 3053 yentriculi
856 2964 1007 3049 torpent.
1115 2982 1119 2987 ·

283 3070 321 3143 Si
338 3095 418 3144 vero
448 3070 572 3144 modus
595 3071 743 3167 amplus,
768 3082 806 3144 at
829 3096 901 3143 nnn
926 3082 1048 3146 tantus
1072 3083 1115 3145 ut
1139 3071 1251 3144 honri-

232 3210 314 3259 nem
331 3211 376 3258 ex
392 3188 578 3280 improviso
595 3189 730 3270 obruat,
747 3198 848 3260 notas
864 3186 1083 3283 apoplexiae
1100 3190 1251 3273 arcessit,

233 3302 385 3376 remedia
397 3326 460 3396 pro
474 3304 622 3397 corporis
635 3300 763 3387 indole,
768 3302 894 3375 babitu
907 3315 943 3375 et
956 3314 1072 3377 aetate
1085 3306 1251 3397 quodam-

234 3417 338 3492 modo
356 3417 534 3490 differunt.
588 3418 627 3488 si
643 3442 747 3513 aegro
767 3420 929 3514 specioso,
948 3421 1119 3515 sanguine
1136 3420 1250 3514 pleno,

112 3578 116 3585 ·
234 3535 353 3609 vultus
370 3536 473 3606 rubet
500 3545 536 3607 et
559 3545 691 3631 turget,
718 3536 809 3607 oculi
836 3537 964 3608 corusci
992 3537 1120 3622 nitent,
1148 3548 1253 3630 caput

235 3654 340 3738 dolet,
359 3676 458 3725 aures
478 3664 613 3737 sonant,
632 3656 846 3749 arteriaeque
862 3656 1103 3741 concitantur;
1131 3680 1253 3751 quarn-

234 3774 388 3868 primum
406 3774 624 3867 sanguinem,
651 3783 743 3844 secta
761 3771 997 3844 venatraehii
1014 3784 1076 3845 aut
1093 3775 1254 3871 venaju-

230 3885 366 3986 gularc‘
391 3897 454 3958 aut
481 3891 608 3960 arteria
635 3888 837 3985 temporali,
863 3888 986 3962 elicere
1012 3890 1168 3964 decebit:
1195 3892 1255 3966 de·

236 4006 331 4091 inde,
357 4005 481 4101 cepitis
507 4007 605 4078 venis
632 4009 684 4080 ita
709 4007 869 4104 depletis,
897 4011 1069 4084 vomitum
1086 4008 1257 4106 sulphure

237 4123 334 4200 zinci
362 4134 425 4197 aut
454 4125 552 4221 cupri
583 4124 671 4200 ciere
696 4129 879 4222 oportebit.
933 4128 972 4203 si
990 4129 1109 4200 vultus
1135 4125 1255 4221 pallet,
1378 4130 1380 4133 ’

1006 4264 1162 4313 ΥᾸ.
