3326 5188
485 564 510 616 n
529 562 697 616 rnumso
717 561 1011 638 incurrissem.
1189 543 1261 625 269

242 720 377 812 celeber
403 735 662 810 Tnomsouus
692 747 843 833 quatuor
872 761 946 809 esse
970 735 1109 831 plumbi
1134 731 1261 830 ooepda
1332 819 1337 826 ι

242 856 444 929 contendit:
471 854 614 940 scilicet,
715 864 718 870 “

292 998 326 1047 a.
357 971 536 1069 Ompdum
552 970 714 1069 flavum,
744 970 837 1066 quod
866 994 911 1042 ex
939 969 1077 1065 plumbi
1107 967 1266 1064 partibus

243 1099 342 1175 915,
357 1103 393 1164 et
410 1091 586 1186 ooeygenii
604 1097 674 1173 8.5,
692 1088 924 1183 eompauitur.

293 1207 325 1281 b.
344 1207 626 1303 Deutomydum,
644 1230 782 1302 quoque
798 1205 940 1288 flavum,
963 1202 1057 1300 quod
1073 1212 1189 1300 partes
1203 1203 1268 1276 ‘lra-

111 1340 119 1351 “
244 1327 305 1397 bet
322 1325 458 1420 plumbi
476 1332 573 1408 90.5,
590 1334 627 1396 et
642 1324 820 1420 occpgenii
836 1330 906 1402 9.5.

295 1468 324 1516 c.
357 1436 617 1538 Tritomydum,
635 1442 791 1525 rubmm,
815 1464 860 1514 ex
879 1437 1016 1535 plumbi
1032 1437 1191 1533 partibus
1209 1445 1268 1521 88,
1410 1440 1412 1443 ’

247 1570 284 1633 et
299 1559 478 1656 ooepgeaii
496 1566 543 1631 lu
560 1556 768 1630 confectum.
884 1558 887 1562 ’

295 1676 332 1750 d.
358 1674 613 1771 Perooeydum
638 1700 682 1748 ex
700 1674 837 1770 plumbi
854 1673 1015 1773 partibus
1033 1676 1154 1755 80,.et
1178 1693 1270 1767 urcy*

244 1797 349 1894 genii
366 1805 425 1879 20,
444 1795 686 1890 compositum.

297 1894 472 1999 Quamvis
487 1908 671 2005 plumbum
690 1909 805 2003 ipsum
823 1909 916 1979 iners
928 1917 992 1991 est,
1004 1905 1182 2002 occpgeuii
1198 1894 1272 1978 tam

249 2031 392 2128 avidum
421 2042 486 2115 est,
516 2032 659 2124 ejusque
687 2025 815 2124 ocyda
843 2039 945 2099 tanta
969 2024 1140 2099 facilitate
1165 2023 1273 2099 acida
1346 2005 1356 2020 x

250 2148 448 2235 attrahunt,
465 2157 508 2220 ut
524 2146 743 2220 utilitatibus
759 2143 960 2216 domesticis
976 2154 1013 2216 et
1030 2142 1180 2237 publicis
1196 2146 1272 2239 qui·

251 2267 400 2341 busdam
429 2248 553 2361 pamm
580 2272 660 2336 tuto
685 2261 863 2333 inserviat.
916 2259 980 2334 De
1002 2259 1058 2333 his
1083 2260 1180 2333 brevi
1205 2285 1275 2335 ser·

253 2407 356 2455 mone
371 2381 540 2453 disserere
556 2380 594 2451 in
612 2378 730 2450 animo
747 2389 812 2453 est.

305 2494 345 2571 Si
361 2498 440 2596 quis
456 2497 571 2593 liquor
594 2495 764 2580 acidulus,
790 2493 902 2569 veluti
920 2496 1113 2579 cerevisiae,
1139 2497 1222 2566 vina
1238 2504 1276 2566 et

255 2617 325 2690 alia
334 2613 517 2712 ejusmodi,
531 2612 594 2684 diu
604 2614 694 2684 vasis
706 2611 881 2707 plumbeis
898 2609 1111 2693 includitun
1132 2611 1277 2683 demum

254 2734 321 2806 hoc
331 2756 464 2804 veneno
473 2731 691 2827 inquinatur,
702 2729 937 2824 pessimosque
948 2738 1095 2801 eventus
1105 2727 1207 2802 edere
1217 2754 1277 2825 po-

255 2862 337 2953 test.
363 2850 476 2947 Aqua
491 2861 528 2922 et
545 2847 732 2945 plumbum
745 2845 842 2919 haud
856 2872 941 2919 sane
955 2871 992 2918 se
1008 2847 1157 2919 invicem
1172 2847 1279 2919 affici-

255 2980 324 3043 unt
339 2980 402 3042 aut
418 2977 573 3051 mutant,
590 2963 782 3037 dummodo
799 2966 860 3036 adr
875 2963 1099 3037 circumfluus
1116 2964 1280 3038 exeludu-

256 3100 330 3163 tur:
340 3086 433 3184 quod
444 3088 473 3159 si
485 3111 566 3158 vasa
576 3084 743 3180 plumbea
752 3083 1080 3180 aquaeuentinendo
1090 3090 1285 3157 ucmmmo-v

257 3208 342 3279 data
366 3205 438 3275 adri
464 3199 682 3297 aliquamdiu
700 3202 931 3292 objiciantur;
957 3199 1101 3273 demum
1118 3202 1279 3296 gignitur

260 3319 443 3396 carbones
453 3315 619 3416 plumbi‚·
649 3316 753 3412 quod,
770 3318 825 3387 uti
842 3316 975 3388 lamina
992 3316 1072 3389 alba
1087 3321 1278 3412 pertenuis,

260 3462 372 3536 aquae
397 3443 623 3530 supernatare
643 3431 863 3525 conspicitur.
915 3428 1075 3526 Antiqui
1098 3430 1205 3525 hujus
1232 3435 1282 3504 rei
1346 3426 1349 3437 '

259 3555 356 3632 haud
380 3552 508 3650 ignari,
532 3548 738 3647 praesertim
755 3545 962 3619 Gannuus
979 3557 1017 3620 et
1031 3547 1281 3633 Viranvrus,

260 3696 387 3772 aquam
416 3695 478 3767 per
503 3665 640 3742 fistulas
669 3663 852 3760 plumbeas
880 3687 951 3734 non
982 3662 1178 3736 ducendam
1207 3689 1282 3739 esse

262 3787 490 3862 contendunt.
1068 3836 1071 3841 .
1124 3836 1126 3841 ⁴

312 3904 429 3977 Multi
445 3902 558 3998 globis
574 3901 749 3997 plumbeis
765 3901 904 3996 exiguis
932 3898 989 3986 (ex
1005 3900 1156 3996 plumbo.
1167 3912 1204 3975 et
1220 3924 1282 3974 ar·

263 4018 384 4096 senice
399 4018 602 4114 praesertim
619 4015 816 4105 confectis),
842 4018 898 4088 uti
916 4028 1127 4089 consuerunt
1143 4014 1189 4088 ad
1205 4041 1285 4087 vasa

264 4139 377 4212 vitrea
393 4130 629 4230 expurganda.
657 4132 762 4205 Haec
774 4133 990 4205 consuetudo
1006 4131 1195 4204 admodum
1208 4155 1285 4225 per-

264 4255 394 4329 niciosa
411 4261 483 4324 est:
509 4250 612 4347 pauci
631 4250 724 4321 enim
749 4249 930 4344 globorum
949 4272 1111 4343 persaepe
1129 4258 1284 4329 manent,
