3326 5188
413 564 468 614 na
487 559 614 614 amco
633 559 815 619 nsuseuu
835 559 1062 615 suarum.
1178 546 1251 625 225,

266 967 477 1033 ccxxxv.
513 966 753 1044 quasnam
777 968 841 1031 na
866 968 1065 1045 aramum
1089 966 1216 1032 naus

463 1158 467 1163 ,
511 1095 714 1176 asmona
738 1095 976 1162 mumius.

283 1291 496 1363 STANNUM
519 1291 636 1388 ipsum
653 1292 750 1364 omni
770 1300 945 1388 potestate
961 1286 1109 1366 nocendi
1127 1302 1249 1366 vacat:

232 1405 273 1479 id
287 1406 383 1502 quod
400 1407 545 1480 edocent
567 1409 808 1503 experimenta
829 1408 944 1480 multa
960 1434 982 1479 a
998 1404 1181 1480 Basaro
1198 1418 1252 1481 at·

234 1550 302 1620 que
320 1524 574 1598 Castronio
591 1526 768 1598 instituta.
820 1523 980 1598 Metrias
995 1537 1115 1598 autem
1132 1519 1252 1598 stanni

235 1643 389 1713 maxima
406 1642 441 1713 vi
470 1641 616 1714 rodendi
644 1639 844 1736 praeditum
871 1653 934 1714 est.
986 1637 1172 1738 Ingestum
1195 1666 1254 1713 vo-

234 1759 363 1830 mitum
394 1768 523 1843 movet,
547 1759 637 1830 vires
664 1759 774 1830 animi
799 1772 835 1832 et
861 1759 1010 1854 corporis
1038 1752 1251 1855 prosternit3

234 1886 341 1971 atque
356 1900 541 1949 nervomm
561 1876 794 1949 distentiones
810 1877 953 1969 demum
968 1875 1118 1949 lethales
1134 1874 1252 1950 infert.

233 1982 652 2090 Cadavere'introspeoto,
662 2007 741 2091 post
754 2005 902 2069 mortem
916 1994 981 2068 hoo
992 2020 1125 2069 veneno
1137 1996 1254 2067 oriun-

234 2112 327 2199 dam,
345 2098 568 2184 membranae
585 2112 772 2185 ventriculi
790 2098 901 2207 aequo
921 2098 1096 2186 densiores
1114 2136 1187 2184 esse
1204 2112 1255 2213 vi-

122 2323 125 2327 ⁸
232 2228 372 2315 dentur,
399 2228 506 2300 simul
534 2253 702 2322 rugosae3
728 2227 873 2324 perinde
902 2229 1012 2324 quasi,
1037 2226 1171 2301 taoiaa
1199 2252 1255 2301 aa·

184 2372 198 2385 ⁴·
234 2358 346 2437 cepta,
363 2345 401 2414 in
428 2345 559 2415 corium
577 2367 693 2416 versae
723 2343 878 2416 fuerint:
904 2369 1019 2440 neque
1035 2370 1116 2418 vero
1145 2346 1255 2441 nigri-

235 2472 325 2531 oant.
378 2458 504 2543 Quum
521 2483 602 2532 vero
623 2459 679 2532 hio
696 2460 748 2532 sal
765 2448 857 2532 nulli
881 2460 954 2532 fere
979 2461 1130 2555 utilitati
1146 2463 1255 2535 inser·

234 2576 297 2659 vit,
315 2585 378 2646 aut
395 2574 490 2669 apud
509 2574 671 2681 medicos,
690 2586 753 2647 aut
769 2601 838 2657 eos,
857 2577 917 2670 qui
934 2578 1036 2647 rebus
1053 2575 1255 2677 domesticis

232 2694 430 2777 intersunt3
454 2693 607 2796 ideoque
629 2717 766 2787 perraro
792 2696 867 2787 ejus
893 2693 965 2763 vim
988 2691 1173 2766 exitiosam
1204 2696 1255 2766 vi-
1294 2752 1297 2759 .

233 2810 315 2882 dere
331 2809 437 2883 lioet:
464 2809 508 2882 de
528 2808 675 2881 nocendi
701 2809 847 2893 ratione,
865 2820 928 2881 aut
954 2812 1204 2905 experimentis
1220 2811 1253 2882 ei

233 2908 474 3023 patefaciendo
496 2926 642 3013 idoneis,
660 2918 840 3023 disputare
856 2929 917 2999 vix
932 2953 1020 3025 opus
1038 2940 1101 3001 est.
1154 2930 1254 3013 Quo-

230 3048 334 3119 modo
363 3028 525 3142 equidem
551 3045 671 3130 laedit,
688 3028 783 3118 satis
797 3046 952 3120 indicare
968 3038 1145 3132 videntur,
1163 3072 1253 3142 quae

231 3164 301 3237 huo
317 3165 508 3236 attinentia
521 3163 565 3235 de
578 3163 656 3235 aliis
667 3165 811 3237 venenis
823 3156 899 3259 jam
917 3166 1089 3261 proposui.
1142 3164 1253 3250 Quod

232 3282 278 3354 ad
306 3280 471 3362 remedia,
500 3281 643 3351 caeteris
673 3281 866 3376 praepollet
894 3281 971 3367 lao;
998 3284 1129 3378 quippe
1158 3272 1252 3377 quod

235 3394 381 3469 moriar
397 3393 527 3468 starent
540 3393 712 3489 coagulat,
730 3407 766 3468 et
784 3395 889 3468 simul
906 3397 999 3469 iners
1015 3397 1142 3469 reddit.

235 3715 466 3779 ccxxxvi.
499 3714 563 3777 nn
587 3715 729 3778 amco
752 3712 963 3791 sausoure
987 3672 1259 3778 sursulus.»

282 3897 440 3992 Antiqui
464 3916 630 3968 mucuns
656 3895 753 3970 hand
775 3920 914 3991 prorsus
936 3898 1112 3992 ignorasse
1129 3893 1249 3970 viden-

232 4034 311 4088 tur:
337 4015 533 4108 accepimus
555 4013 650 4086 enim
668 4039 726 4087 aes
743 4016 787 4087 ab
804 4015 848 4086 iis
865 4015 987 4087 oonfioi
1004 4012 1148 4086 solitum
1164 4036 1247 4096 esse,

229 4158 276 4204 ex
292 4154 398 4226 cupro
414 4140 450 4201 et
466 4139 594 4199 natura
611 4130 727 4215 effosa,
741 4155 845 4226 quam
867 4128 1056 4204 cadmiam
1072 4136 1250 4211 vocarunt,

230 4251 325 4322 inter
354 4271 390 4319 se
419 4246 534 4318 mistis
563 4247 715 4342 igneque
743 4248 950 4342 liquefactis.
1012 4246 1142 4341 Neque
1170 4267 1251 4317 vero

507 4388 510 4395 ·
1105 4383 1128 4432 Ρ
