3326 5188
396 554 467 620 244
667 566 724 617 nr
744 566 871 617 sorno
891 562 1136 618 nunmmco.
1242 528 1245 533 ’

440 852 629 916 CCLVIII.
662 853 726 915 DE
750 854 906 917 SIGNIS
929 850 1077 915 ACIDO
1101 848 1383 914 MURIATICO

643 979 853 1044 INGESTO
875 977 1098 1053 EXORTIS,
1122 979 1176 1040 &a

451 1151 626 1238 Omnium
639 1189 729 1261 pene
742 1161 932 1236 aoidornrn
943 1164 1159 1259 ingestorum
1172 1172 1236 1246 est,
1253 1161 1427 1232 membra·

402 1309 465 1357 nas
489 1284 671 1357 interiores
696 1282 853 1368 exedere,
883 1283 1020 1355 irritare
1049 1291 1156 1376 atque
1180 1280 1425 1351 inflammare:

403 1416 472 1496 quo
489 1402 532 1473 fit
548 1411 591 1473 ut
607 1400 724 1473 omnia
741 1425 830 1496 pene
847 1400 969 1472 eadem
986 1398 1078 1472 mala
1095 1399 1308 1495 progignunt
1322 1424 1330 1480 ;
1356 1397 1425 1469 nisi

404 1521 498 1617 quod
512 1506 685 1617 'cujusque
709 1546 820 1617 pauca
845 1534 928 1595 suut
945 1521 1095 1617 propria.
1144 1518 1229 1590 Hoc
1245 1537 1427 1601 nulnum,

404 1642 460 1712 uti
487 1641 530 1712 ab
554 1639 721 1712 Ourna
745 1640 950 1736 accepimus,
976 1638 1158 1712 acaeteris
1175 1636 1296 1720 distat,
1320 1635 1428 1743 quod,

405 1759 512 1832 simul
534 1770 641 1856 atque
664 1760 848 1855 ingeritur,
876 1760 974 1855 copia
999 1760 1125 1855 ingens
1141 1755 1231 1829 fumi
1248 1755 1356 1828 albidi
1374 1766 1427 1828 at-

406 1901 474 1971 que
492 1877 591 1949 densi
608 1878 652 1949 ab
669 1902 727 1950 ore
744 1888 850 1972 atque
865 1878 1008 1950 naribus
1026 1875 1220 1958 evolvitur;
1246 1874 1307 1970 qui
1324 1874 1427 1946 odore

404 1997 686 2092 pungentissimo
702 2020 802 2068 nares
819 2008 1011 2090 exasperat.

457 2114 567 2203 Quod
584 2114 629 2186 ad
647 2115 748 2211 signa
765 2114 929 2187 cadavere
946 2126 1041 2188 secto
1060 2125 1208 2210 reperta,
1235 2139 1360 2211 parurn
1384 2116 1431 2187 ab

408 2234 452 2305 iis
481 2233 690 2328 discrepant,
720 2257 809 2328 quae
837 2232 907 2305 alia
938 2231 1047 2305 acida
1080 2233 1296 2306 moliuntur:
1332 2232 1431 2306 haud

410 2350 573 2446 equidem
599 2360 716 2422 eutem
735 2364 772 2423 et
788 2352 1008 2424 membranas
1030 2376 1188 2424 mueosas
1205 2376 1321 2425 croceo
1338 2350 1427 2424 eolo-

407 2495 445 2542 re
460 2469 594 2542 inficit:
615 2494 685 2565 quo
702 2480 822 2542 tamen
840 2472 941 2567 signo
957 2495 1114 2567 excepto,
1129 2472 1273 2544 cadaver
1290 2470 1428 2544 easdem

411 2588 482 2662 fere
499 2598 600 2661 notas
616 2587 771 2674 exhibet,
789 2615 875 2686 quas
892 2588 1037 2663 acidum
1055 2589 1243 2664 natricum.

461 2707 523 2782 De
540 2707 689 2781 nocendi
705 2709 841 2781 ratione
858 2707 970 2782 fusius
987 2735 1088 2806 agere
1106 2711 1166 2782 vix
1182 2735 1270 2807 opus
1287 2721 1360 2782 est:
1386 2710 1431 2781 si-

316 2830 318 2835 “
412 2828 556 2926 quidem
573 2825 722 2901 acidam
738 2827 1096 2912 muriatioumhaud
1116 2829 1218 2902 aliter
1236 2840 1342 2926 atque
1358 2853 1433 2902 eae-
1528 2840 1533 2845 “

413 2958 499 3029 tera,
526 2969 697 3018 venenare
726 2945 876 3031 videtur,
907 2947 1111 3042 praesertim
1138 2948 1351 3019 membranis
1376 2948 1432 3017 in·

415 3063 610 3146 terioribus,
638 3063 764 3157 quibus
789 3063 1026 3150 admoveatur,
1048 3064 1238 3149 irritandis,
1260 3064 1434 3148 rodendis,
1506 3110 1512 3117 .

415 3191 452 3254 et
466 3180 597 3253 exinde
613 3180 883 3259 inflammandis.

481 3490 637 3554 ceux.
672 3491 737 3554 nn
759 3468 907 3556 Aorno
931 3493 1209 3557 MuruArrco
1232 3493 1377 3555 narn.

845 3618 1014 3682 annuo.

467 3801 552 3874 Jam
575 3802 722 3874 memini
743 3823 910 3874 Acmon
937 3820 1211 3873 nuumrlouru
1235 3801 1334 3873 fumo
1359 3826 1439 3875 ean·
1513 3800 1517 3809 '

420 3917 515 4002 dido,
542 3942 647 4013 quern
672 3917 772 3991 halat
798 3919 871 3991 aeri
894 3919 1081 4013 objectum,
1110 3919 1279 4015 cognosci.
1331 3918 1440 4004 Quod

305 4082 309 4089 v
419 4040 449 4111 si
465 4037 580 4110 multa
597 4062 686 4133 aqua
703 4038 850 4110 mistum
867 4048 1091 4124 extenuatur,
1118 4038 1197 4111 aliis
1213 4038 1440 4112 innitendum

420 4156 605 4231 indicibus.

471 4276 510 4349 si
538 4302 677 4351 succum
697 4277 862 4351 vitiosum
882 4279 1076 4354 ventrioqu
1104 4289 1182 4377 post
1212 4289 1362 4355 mortem
1390 4278 1443 4352 di·
