3276 5194
374 572 446 644 272
755 584 810 634 ua
828 580 1013 633 VENEle

372 757 547 843 delirium,
574 758 714 832 sudores
741 756 886 853 gelidos,
913 765 1019 850 atque
1044 777 1227 826 nervorum
1255 752 1389 825 disten·

371 877 484 948 tiones
501 875 649 950 lethales
666 876 809 948 abeunt.

421 990 531 1076 Quod
548 994 588 1077 si,
605 991 741 1065 medico
751 1042 754 1047 »
765 991 891 1062 acriter
913 989 1100 1073 renitente,
1116 996 1180 1059 aut
1195 996 1323 1059 natura
1340 984 1389 1058 al-

371 1133 440 1194 ma,
456 1119 520 1181 aut
536 1113 634 1206 eopia
657 1110 838 1206 aliquanto
859 1108 993 1179 minore
1011 1108 1136 1179 veneni
1158 1115 1309 1201 sumpta,
1326 1114 1390 1179 aut

370 1224 523 1321 denique
535 1225 629 1300 hisce
642 1228 805 1300 omnibus
815 1226 1031 1309 meantibus,
1042 1249 1145 1320 aeger
1154 1248 1225 1297 non
1238 1223 1389 1295 absumi·

370 1353 452 1428 tur;
470 1344 540 1417 alia
557 1347 658 1440 signa
675 1345 895 1440 supervenire
911 1344 1147 1416 observantur.
1166 1370 1171 1377 ’
1191 1342 1274 1414 Diu
1290 1343 1389 1414 alvus

371 1462 533 1555 pertinax
550 1460 641 1533 nihil
657 1461 729 1535 fere
745 1462 995 1547 exoernit,·nee
1009 1460 1079 1532 nisi
1096 1458 1303 1533 difficillime
1319 1483 1391 1561 me-

334 1578 339 1586 '
371 1577 578 1650 dieamentis
596 1578 811 1652 solicitatur:
837 1577 935 1650 dolor
960 1575 1006 1650 ad
1026 1575 1168 1649 dorsum
1183 1586 1227 1661 ¹et
1249 1576 1390 1649 brachia

370 1695 508 1780 tendit3
527 1707 564 1768 et
576 1694 662 1769 haee
675 1696 818 1770 tandem
833 1693 1009 1794 paralysi
1021 1693 1214 1768 solvuntm.
1251 1694 1391 1767 Notatu

372 1814 521 1909 dignum
539 1826 603 1899 est,
620 1814 756 1888 nullam
774 1814 880 1887 aliam
897 1837 1047 1898 eausam,
1064 1823 1200 1908 praeter
1215 1837 1390 1886 venenum

370 1932 598 2025 propositum,
615 1929 762 2005 colicam
788 1956 865 2004 enm
893 1929 1069 2028 paralysi
1095 1932 1260 2006 sociatam
1283 1957 1391 2005 aroes-

371 2071 445 2120 sere
469 2070 587 2143 posse:
615 2047 762 2144 ideoque
788 2048 874 2122 haee
899 2048 970 2121 duo
996 2048 1090 2121 mala
1110 2049 1202 2123 olare
1224 2047 1317 2123 idem
1336 2073 1392 2121 ac·

372 2174 512 2260 ceptum
529 2164 749 2239 denuntiare.

420 2283 507 2356 Non
520 2282 631 2379 celare
644 2294 792 2380 oportet,
802 2288 937 2381 sopiam
951 2289 1202 2384 amplissimam
1218 2288 1325 2384 hujus
1335 2314 1391 2361 ve-

373 2403 457 2473 neni
474 2411 663 2497 sumptam,
679 2400 993 2477 inflammationem
1011 2407 1100 2478 ciere
1116 2430 1224 2501 posse.

422 2638 467 2709 Β.
487 2633 622 2710 Stena
637 2659 718 2710 noc
733 2658 909 2710 vsnsuo
923 2660 1094 2713 paneros
1108 2662 1162 2713 sn
1177 2661 1393 2721 sasnusn-

374 2776 457 2827 nnn
484 2774 664 2828 ruensro
681 2765 812 2841 exorta,
830 2754 1049 2851 aliquantum
1068 2784 1089 2830 a
1110 2762 1186 2854 jam
1204 2759 1308 2834 dietis
1324 2760 1394 2833 dis-

374 2884 527 2968 crepant.
577 2872 738 2945 Piotor'es
759 2871 890 2966 aliique
906 2875 1055 2948 artifices
1072 2876 1262 2964 interdum,
1284 2879 1390 2974 parti-

379 2988 467 3061 culis
492 2989 628 3083 exiguis
652 2988 789 3083 plumbi
806 3013 886 3061 cum
903 2991 1030 3084 spiritu
1045 2995 1205 3087 acceptis,
1222 2994 1286 3067 diu
1302 2996 1394 3069 vale-

376 3103 501 3175 tudine
527 3102 666 3174 infirma
691 3103 903 3199 plectuntur.
954 3103 1103 3203 Tremor
1124 3120 1265 3181 artuum
1291 3136 1395 3207 saepe

344 3253 347 3258 ·
377 3218 520 3291 aceedit.
573 3217 655 3290 Cibi
672 3245 737 3292 neo
752 3221 819 3292 rite
836 3232 1062 3315 appetuntur,
1079 3248 1144 3296 nee
1163 3229 1296 3321 sumpti
1313 3252 1394 3301 oon-

376 3346 594 3432 ooquuntur:
620 3348 735 3409 toturn
762 3363 884 3433 eorpus
907 3342 1074 3414 tabescit:
1100 3343 1220 3415 vultus
1241 3345 1284 3418 fit
1308 3346 1393 3420 luri-

377 3455 468 3547 dus;
487 3454 577 3526 oouli
595 3456 709 3527 nitore
727 3454 830 3527 solito
845 3455 1108 3532 destituuntur:
1135 3461 1325 3549 interdum,
1339 3490 1394 3538 oa-

374 3573 458 3669 ligo,
476 3564 535 3644 rel
548 3581 654 3666 gutta
671 3594 792 3643 serena
809 3572 895 3666 ipsa,
914 3575 1126 3670 supervenit.
1178 3576 1294 3649 Dolor
1311 3605 1393 3653 ven-

375 3676 450 3774 tris,
468 3687 754 3785 qualis·oola'eum
782 3690 943 3785 insignit,
960 3691 1041 3785 plus
1070 3694 1229 3767 minusve
1258 3698 1391 3771 saevit:

331 3878 336 3889 ,
376 3806 489 3877 modo.
504 3831 642 3877 summa
659 3807 750 3878 eutis
767 3806 938 3879 auresoit:
964 3819 1001 3895 et
1017 3821 1114 3882 artus
1129 3811 1272 3884 demum
1290 3815 1395 3887 resol-

377 3930 518 3991 vuntur.
570 3920 630 3993 Ne
646 3921 770 4006 multa,
789 3923 942 3993 actiones
961 3947 1081 3999 omnes
1098 3928 1208 3999 animi
1224 3939 1262 4001 et
1278 3954 1393 4026 eorpo-
1424 3920 1426 3924 Α

378 4037 424 4109 ris
441 4037 627 4132 insigniter
644 4036 886 4132 languescunt.

603 4171 614 4217 1
