3326 5188
504 555 508 562 ·
608 549 663 600 nn
683 547 867 601 rorasse.
1171 533 1248 605 ¹257

227 726 299 798 culi
330 725 483 796 cruciat:
520 720 635 797 sordes
666 724 783 795 crebro
816 722 1000 807 evomitur,
1034 723 1091 792 cui
1124 744 1246 793 succus

227 836 371 938 plantae
387 840 563 913 coeruleae
578 838 739 935 adjectus
750 838 940 910 viridescit.
980 837 1019 908 Si
1036 862 1138 933 aeger
1157 859 1244 910 surr·

226 980 443 1034 canaonas
461 978 665 1035 rorsssan
690 955 973 1052 ingurgitaverit,
1000 956 1116 1028 sordes
1137 958 1247 1030 vomi-

227 1086 270 1149 tu
286 1085 426 1149 excreta
443 1075 565 1171 quovis
590 1071 779 1146 aridorum
807 1073 914 1145 mista
939 1073 1155 1160 effervescit3
1181 1098 1247 1146 nec

226 1219 303 1266 raro
330 1190 475 1265 cruenta
499 1200 563 1263 est.
614 1190 730 1264 Dolor
745 1193 878 1264 ventris
902 1190 1092 1263 admodum
1116 1193 1245 1267 saevit:

227 1310 297 1384 alvi
322 1310 534 1405 dejectiones
550 1318 635 1382 sunt
650 1309 850 1405 frequentes
865 1320 904 1382 et
920 1309 1096 1406 liquidae:
1126 1306 1247 1385 tormi-

226 1450 274 1498 na
291 1424 479 1499 crudeliter
495 1436 635 1498 vexant.
688 1424 873 1498 Interdum
897 1424 1002 1497 homo
1029 1425 1176 1500 delirat:
1193 1421 1247 1500 'ne

228 1545 353 1629 multa,
380 1545 480 1640 signa
502 1544 621 1616 omnia
637 1566 811 1616 venenum
829 1543 864 1613 vi
888 1543 1082 1638 perinsigni
1099 1543 1246 1617 rodendi

227 1661 396 1734 donatum
410 1662 563 1732 ¹subesse
588 1670 785 1733 testantur:
810 1683 877 1730 nec
893 1652 978 1732 vero'
990 1670 1062 1732 tam
1081 1661 1136 1732 sui
1153 1662 1248 1733 simi·

225 1778 277 1852 lia
299 1791 393 1862 sunt,
418 1789 461 1851 ut
482 1779 559 1872 ipsa
574 1801 636 1873 per
653 1802 689 1850 se
707 1796 920 1859 PorssoAM
936 1789 1114 1874 sumptam
1130 1778 1247 1875 fauisse,

160 1920 167 1933 ⁸
227 1895 404 1968 medicum
419 1894 596 1967 edoceant.
1275 1890 1283 1903 ’

269 2204 464 2269 CCLXXI.
498 2204 562 2266 DE
587 2200 753 2276 SIGNIS,
777 2202 1032 2266 CADAVERE
1057 2204 1205 2268 SECTO

617 2329 864 2392 REPERTIS.

281 2511 400 2597 Quem
433 2530 609 2583 rorassa
637 2524 750 2585 morte
775 2513 990 2597 multaverit,
1016 2517 1059 2600 ei,
1085 2512 1249 2591 cadavere

231 2627 417 2725 patefacto,
435 2624 650 2701 ventriculus
666 2627 821 2701 foramen
839 2654 952 2701 unum
963 2632 1018 2705 vel
1035 2632 1137 2728 plura
1152 2634 1250 2708 exhi·

229 2744 311 2817 bere
338 2744 528 2828 consuevit,
557 2743 602 2816 ob
628 2741 833 2816 securitatem
858 2744 1031 2818 exedendi
1047 2750 1250 2836 maximam,

231 2886 301 2957 qua
316 2861 475 2958 praedita
492 2870 556 2935 est.
591 2860 700 2946 Quod
718 2860 762 2934 ad
780 2861 859 2946 alia,
874 2882 1049 2938 rorassn
1063 2866 1185 2941 eadem
1202 2868 1252 2941 fe-

232 3002 269 3051 re
296 2979 384 3051 vitia
412 2980 491 3064 ciet,
525 3003 613 3074 quae
642 3004 662 3050 e
688 2979 834 3051 caeteris
858 3004 1071 3055 venenorum
1097 2983 1251 3058 rodendo
1342 2964 1346 2969 ¹

230 3095 403 3169 habilium
420 3096 695 3192 proficiscuntur.

281 3213 344 3285 De
361 3212 523 3285 laedendi
540 3215 676 3285 ratione
693 3214 829 3308 proprie
847 3216 992 3290 scribere
1004 3219 1065 3291 vix
1078 3244 1166 3316 opus
1178 3235 1252 3294 est:

231 3329 456 3402 manifestum
481 3342 535 3402 est
559 3326 625 3400 hoc
641 3354 814 3401 venenum
841 3331 953 3404 fatum
980 3334 1117 3421 inferre,
1142 3363 1252 3413 mem·
1296 3328 1299 3333 ’

231 3447 350 3519 branis
367 3445 553 3519 ventriculi
578 3445 759 3518 irritandis
782 3460 889 3543 atque
914 3450 1126 3524 exedendis:
1153 3453 1254 3527 alias-

233 3589 302 3661 que
330 3573 446 3660 partes
475 3562 520 3635 ad
548 3563 659 3635 vitam
686 3565 904 3650 necessarias,
932 3570 1136 3662 praesertim
1164 3594 1255 3643 cere-

232 3683 335 3755 brum
354 3692 459 3776 atque
476 3704 544 3765 cor,
555 3681 684 3765 vitiari,
694 3690 730 3752 et
747 3681 868 3754 officiis
885 3683 1099 3779 exequendis
1116 3686 1254 3784 ineptas

235 3800 322 3882 fieri,
340 3799 385 3869 ob
401 3822 605 3899 consensum
623 3797 736 3884 illum,
749 3822 830 3893 quo,
848 3824 1031 3873 nervorum
1049 3803 1253 3891 ministerio,

236 3914 450 3988 ventriculus
467 3940 546 3987 cum
563 3917 608 3988 iis
624 3919 867 3992 committitur.

959 4137 979 4177 R
