<?xml version="1.0" encoding="UTF-8"?>
<!DOCTYPE html PUBLIC "-//W3C//DTD XHTML 1.0 Transitional//EN"
    "http://www.w3.org/TR/xhtml1/DTD/xhtml1-transitional.dtd">
<html xmlns="http://www.w3.org/1999/xhtml" xml:lang="en" lang="en">
 <head>
  <title>
</title>
<meta http-equiv="Content-Type" content="text/html;charset=utf-8" />
  <meta name='ocr-system' content='tesseract 3.04.00' />
  <meta name='ocr-capabilities' content='ocr_page ocr_carea ocr_par ocr_line ocrx_word'/>
</head>
<body>
  <div class='ocr_page' id='page_1' title='image "./morborumdefinit01hawlgoog_0041.png"; bbox 0 0 3326 5302; ppageno 0'>
   <div class='ocr_carea' id='block_1_1' title="bbox 399 543 1184 610">
    <p class='ocr_par' dir='ltr' id='par_1_1' title="bbox 399 543 1184 610">
     <span class='ocr_line' id='line_1_1' title="bbox 399 543 1184 610; baseline -0.004 -2"><span class='ocrx_word' id='word_1_1' title='bbox 399 543 446 610; x_wconf 78' lang='lat'>28</span> <span class='ocrx_word' id='word_1_2' title='bbox 628 548 994 607; x_wconf 72' lang='lat' dir='ltr'>urnnocnrnnnus</span> <span class='ocrx_word' id='word_1_3' title='bbox 1013 552 1184 607; x_wconf 78' lang='lat' dir='ltr'>neurus.</span> 
     </span>
    </p>
   </div>
   <div class='ocr_carea' id='block_1_2' title="bbox 393 721 1423 1561">
    <p class='ocr_par' dir='ltr' id='par_1_2' title="bbox 393 721 1420 913">
     <span class='ocr_line' id='line_1_2' title="bbox 393 721 1420 819; baseline 0.001 -27"><span class='ocrx_word' id='word_1_4' title='bbox 393 740 488 806; x_wconf 85' lang='lat' dir='ltr'>mota,</span> <span class='ocrx_word' id='word_1_5' title='bbox 504 729 671 819; x_wconf 34' lang='lat' dir='ltr'>ad&#39;sanum</span> <span class='ocrx_word' id='word_1_6' title='bbox 685 726 768 790; x_wconf 82' lang='lat' dir='ltr'>latus</span> <span class='ocrx_word' id='word_1_7' title='bbox 783 724 991 797; x_wconf 80' lang='lat' dir='ltr'>inclinantur3</span> <span class='ocrx_word' id='word_1_8' title='bbox 1011 724 1120 811; x_wconf 81' lang='lat' dir='ltr'>lingua</span> <span class='ocrx_word' id='word_1_9' title='bbox 1134 728 1274 812; x_wconf 86' lang='lat' dir='ltr'>profecto</span> <span class='ocrx_word' id='word_1_10' title='bbox 1289 721 1420 793; x_wconf 81' lang='lat' dir='ltr'><strong>subinde</strong></span> 
     </span>
     <span class='ocr_line' id='line_1_3' title="bbox 394 826 1243 913; baseline 0 -19"><span class='ocrx_word' id='word_1_11' title='bbox 394 832 435 894; x_wconf 87' lang='lat' dir='ltr'>ad</span> <span class='ocrx_word' id='word_1_12' title='bbox 449 826 532 895; x_wconf 78' lang='lat' dir='ltr'>latiis</span> <span class='ocrx_word' id='word_1_13' title='bbox 547 830 702 894; x_wconf 84' lang='lat' dir='ltr'>affectum.</span> <span class='ocrx_word' id='word_1_14' title='bbox 750 826 918 913; x_wconf 91' lang='lat' dir='ltr'>Loquendi</span> <span class='ocrx_word' id='word_1_15' title='bbox 932 826 1099 891; x_wconf 86' lang='lat' dir='ltr'>difficultas</span> <span class='ocrx_word' id='word_1_16' title='bbox 1113 842 1243 894; x_wconf 78' lang='lat' dir='ltr'><strong>exercet.</strong></span> 
     </span>
    </p>

    <p class='ocr_par' dir='ltr' id='par_1_3' title="bbox 394 931 1421 1422">
     <span class='ocr_line' id='line_1_4' title="bbox 439 931 1421 1020; baseline -0.001 -20"><span class='ocrx_word' id='word_1_17' title='bbox 439 937 472 1001; x_wconf 85' lang='lat' dir='ltr'>Si</span> <span class='ocrx_word' id='word_1_18' title='bbox 488 936 619 1000; x_wconf 87' lang='lat' dir='ltr'>accessio</span> <span class='ocrx_word' id='word_1_19' title='bbox 637 934 762 1020; x_wconf 84' lang='lat' dir='ltr'>gravior</span> <span class='ocrx_word' id='word_1_20' title='bbox 777 933 828 1008; x_wconf 87' lang='lat' dir='ltr'>sit,</span> <span class='ocrx_word' id='word_1_21' title='bbox 843 931 891 993; x_wconf 90' lang='lat' dir='ltr'>his</span> <span class='ocrx_word' id='word_1_22' title='bbox 912 931 1007 1016; x_wconf 82' lang='lat' dir='ltr'>signis</span> <span class='ocrx_word' id='word_1_23' title='bbox 1026 932 1217 1017; x_wconf 86' lang='lat' dir='ltr'>adjiciuntur</span> <span class='ocrx_word' id='word_1_24' title='bbox 1237 934 1366 1001; x_wconf 82' lang='lat' dir='ltr'>alterius</span> <span class='ocrx_word' id='word_1_25' title='bbox 1378 937 1421 999; x_wconf 54' lang='lat' dir='ltr'>lae</span> 
     </span>
     <span class='ocr_line' id='line_1_5' title="bbox 394 1036 1421 1125; baseline 0 -21"><span class='ocrx_word' id='word_1_26' title='bbox 394 1041 468 1104; x_wconf 86' lang='lat' dir='ltr'>teris</span> <span class='ocrx_word' id='word_1_27' title='bbox 482 1040 652 1118; x_wconf 72' lang='lat' dir='ltr'><strong>convulsio,</strong></span> <span class='ocrx_word' id='word_1_28' title='bbox 668 1036 820 1103; x_wconf 85' lang='lat' dir='ltr'>sentiendi</span> <span class='ocrx_word' id='word_1_29' title='bbox 834 1036 967 1100; x_wconf 82' lang='lat' dir='ltr'>facultas</span> <span class='ocrx_word' id='word_1_30' title='bbox 980 1058 1060 1121; x_wconf 90' lang='lat' dir='ltr'>pene</span> <span class='ocrx_word' id='word_1_31' title='bbox 1073 1037 1193 1101; x_wconf 87' lang='lat' dir='ltr'>deleta:</span> <span class='ocrx_word' id='word_1_32' title='bbox 1210 1040 1258 1102; x_wconf 87' lang='lat' dir='ltr'>vis</span> <span class='ocrx_word' id='word_1_33' title='bbox 1272 1040 1421 1125; x_wconf 92' lang='lat' dir='ltr'>loquendi</span> 
     </span>
     <span class='ocr_line' id='line_1_6' title="bbox 394 1143 1421 1233; baseline 0.001 -23"><span class='ocrx_word' id='word_1_34' title='bbox 394 1158 427 1210; x_wconf 91' lang='lat' dir='ltr'>et</span> <span class='ocrx_word' id='word_1_35' title='bbox 449 1147 603 1233; x_wconf 88' lang='lat' dir='ltr'>glutiendi</span> <span class='ocrx_word' id='word_1_36' title='bbox 625 1145 731 1220; x_wconf 89' lang='lat' dir='ltr'>nulla;</span> <span class='ocrx_word' id='word_1_37' title='bbox 756 1143 846 1206; x_wconf 87' lang='lat' dir='ltr'>urina</span> <span class='ocrx_word' id='word_1_38' title='bbox 867 1164 962 1226; x_wconf 90' lang='lat' dir='ltr'>porro</span> <span class='ocrx_word' id='word_1_39' title='bbox 985 1154 1016 1205; x_wconf 89' lang='lat' dir='ltr'>et</span> <span class='ocrx_word' id='word_1_40' title='bbox 1040 1154 1169 1222; x_wconf 89' lang='lat' dir='ltr'>stercus,</span> <span class='ocrx_word' id='word_1_41' title='bbox 1193 1146 1421 1232; x_wconf 60' lang='lat' dir='ltr'>palmaribus</span> 
     </span>
     <span class='ocr_line' id='line_1_7' title="bbox 395 1248 1419 1338; baseline 0 -23"><span class='ocrx_word' id='word_1_42' title='bbox 395 1252 514 1330; x_wconf 86' lang='lat' dir='ltr'>solutis,</span> <span class='ocrx_word' id='word_1_43' title='bbox 530 1251 625 1316; x_wconf 86' lang='lat' dir='ltr'>animi</span> <span class='ocrx_word' id='word_1_44' title='bbox 639 1252 772 1337; x_wconf 85' lang='lat' dir='ltr'>injussu,</span> <span class='ocrx_word' id='word_1_45' title='bbox 788 1249 900 1333; x_wconf 85' lang='lat' dir='ltr'>elapsa.</span> <span class='ocrx_word' id='word_1_46' title='bbox 936 1251 1024 1326; x_wconf 79' lang='lat' dir='ltr'>Quae</span> <span class='ocrx_word' id='word_1_47' title='bbox 1038 1248 1195 1314; x_wconf 91' lang='lat' dir='ltr'>hominem</span> <span class='ocrx_word' id='word_1_48' title='bbox 1209 1252 1242 1314; x_wconf 94' lang='lat' dir='ltr'>in</span> <span class='ocrx_word' id='word_1_49' title='bbox 1257 1252 1419 1338; x_wconf 83' lang='lat' dir='ltr'>praecipiti</span> 
     </span>
     <span class='ocr_line' id='line_1_8' title="bbox 395 1369 639 1422; baseline 0 -2"><span class='ocrx_word' id='word_1_50' title='bbox 395 1380 462 1421; x_wconf 85' lang='lat' dir='ltr'>esse</span> <span class='ocrx_word' id='word_1_51' title='bbox 477 1369 639 1422; x_wconf 82' lang='lat' dir='ltr'><strong>testantur.</strong></span> 
     </span>
    </p>

    <p class='ocr_par' dir='ltr' id='par_1_4' title="bbox 447 1456 1423 1561">
     <span class='ocr_line' id='line_1_9' title="bbox 447 1456 1423 1561; baseline 0.001 -28"><span class='ocrx_word' id='word_1_52' title='bbox 447 1462 958 1544; x_wconf 59' lang='lat' dir='ltr'>Paternacum-artuum</span> <span class='ocrx_word' id='word_1_53' title='bbox 976 1456 1191 1545; x_wconf 87' lang='lat' dir='ltr'>inferiorum,</span> <span class='ocrx_word' id='word_1_54' title='bbox 1204 1472 1240 1534; x_wconf 92' lang='lat' dir='ltr'>et</span> <span class='ocrx_word' id='word_1_55' title='bbox 1253 1474 1423 1561; x_wconf 84' lang='lat' dir='ltr'>persaepe</span> 
     </span>
    </p>
   </div>
   <div class='ocr_carea' id='block_1_3' title="bbox 398 1579 1416 1999">
    <p class='ocr_par' dir='ltr' id='par_1_5' title="bbox 398 1579 1416 1999">
     <span class='ocr_line' id='line_1_10' title="bbox 398 1579 706 1675; baseline 0 -27"><span class='ocrx_word' id='word_1_56' title='bbox 398 1580 568 1652; x_wconf 83' lang='lat' dir='ltr'>viscerum</span> <span class='ocrx_word' id='word_1_57' title='bbox 585 1579 706 1675; x_wconf 87' lang='lat' dir='ltr'>pelvis.</span> 
     </span>
     <span class='ocr_line' id='line_1_11' title="bbox 446 1690 1148 1788; baseline -0.003 -21"><span class='ocrx_word' id='word_1_58' title='bbox 446 1691 895 1788; x_wconf 62' lang='lat' dir='ltr'>Pannona-cujusvis</span> <span class='ocrx_word' id='word_1_59' title='bbox 912 1690 1148 1765; x_wconf 87' lang='lat' dir='ltr'>articulorum.</span> 
     </span>
     <span class='ocr_line' id='line_1_12' title="bbox 447 1807 1416 1895; baseline 0.004 -14"><span class='ocrx_word' id='word_1_60' title='bbox 447 1812 777 1895; x_wconf 58' lang='lat' dir='ltr'>Veneriam—a</span> <span class='ocrx_word' id='word_1_61' title='bbox 795 1808 947 1880; x_wconf 89' lang='lat' dir='ltr'>venenis.</span> <span class='ocrx_word' id='word_1_62' title='bbox 1002 1807 1097 1882; x_wconf 85' lang='lat' dir='ltr'>Vide</span> <span class='ocrx_word' id='word_1_63' title='bbox 1117 1808 1276 1884; x_wconf 84' lang='lat' dir='ltr'>Colicam</span> <span class='ocrx_word' id='word_1_64' title='bbox 1296 1813 1416 1886; x_wconf 90' lang='lat' dir='ltr'>Picto-</span> 
     </span>
     <span class='ocr_line' id='line_1_13' title="bbox 399 1951 496 1999; baseline -0.01 -1"><span class='ocrx_word' id='word_1_65' title='bbox 399 1951 496 1999; x_wconf 90' lang='lat' dir='ltr'>num.</span> 
     </span>
    </p>
   </div>
   <div class='ocr_carea' id='block_1_4' title="bbox 525 2194 1292 2260">
    <p class='ocr_par' dir='ltr' id='par_1_6' title="bbox 525 2194 1292 2260">
     <span class='ocr_line' id='line_1_14' title="bbox 525 2194 1292 2260; baseline 0.003 -2"><span class='ocrx_word' id='word_1_66' title='bbox 525 2196 624 2259; x_wconf 85' lang='lat' dir='ltr'>VIII.</span> <span class='ocrx_word' id='word_1_67' title='bbox 648 2194 1070 2258; x_wconf 89' lang='lat' dir='ltr'><strong>HYDROCEPHALUS</strong></span> <span class='ocrx_word' id='word_1_68' title='bbox 1092 2196 1292 2260; x_wconf 88' lang='lat' dir='ltr'><strong>ACUTUS.</strong></span> 
     </span>
    </p>
   </div>
   <div class='ocr_carea' id='block_1_5' title="bbox 399 2375 1472 3641">
    <p class='ocr_par' dir='ltr' id='par_1_7' title="bbox 399 2375 1472 2808">
     <span class='ocr_line' id='line_1_15' title="bbox 449 2375 1414 2472; baseline -0.001 -21"><span class='ocrx_word' id='word_1_69' title='bbox 449 2375 864 2471; x_wconf 72' lang='lat' dir='ltr'>Damnum-Apud</span> <span class='ocrx_word' id='word_1_70' title='bbox 890 2376 1044 2451; x_wconf 80' lang='lat' dir='ltr'>infantes</span> <span class='ocrx_word' id='word_1_71' title='bbox 1073 2387 1180 2471; x_wconf 88' lang='lat' dir='ltr'>atque</span> <span class='ocrx_word' id='word_1_72' title='bbox 1205 2378 1414 2472; x_wconf 83' lang='lat' dir='ltr'>impuberes,</span> 
     </span>
     <span class='ocr_line' id='line_1_16' title="bbox 399 2480 1416 2593; baseline -0.004 -22"><span class='ocrx_word' id='word_1_73' title='bbox 399 2500 503 2572; x_wconf 91' lang='lat' dir='ltr'>initio</span> <span class='ocrx_word' id='word_1_74' title='bbox 524 2493 700 2593; x_wconf 74' lang='lat' dir='ltr'>pyracia,</span> <span class='ocrx_word' id='word_1_75' title='bbox 718 2496 790 2566; x_wconf 88' lang='lat' dir='ltr'>sive</span> <span class='ocrx_word' id='word_1_76' title='bbox 806 2492 983 2580; x_wconf 82' lang='lat' dir='ltr'>febricula,</span> <span class='ocrx_word' id='word_1_77' title='bbox 1001 2495 1092 2569; x_wconf 89' lang='lat' dir='ltr'>oculi</span> <span class='ocrx_word' id='word_1_78' title='bbox 1115 2494 1204 2566; x_wconf 88' lang='lat' dir='ltr'>lucis</span> <span class='ocrx_word' id='word_1_79' title='bbox 1226 2480 1416 2567; x_wconf 89' lang='lat' dir='ltr'>intoleran-</span> 
     </span>
     <span class='ocr_line' id='line_1_17' title="bbox 400 2596 1472 2713; baseline -0.007 -22"><span class='ocrx_word' id='word_1_80' title='bbox 400 2629 464 2702; x_wconf 80' lang='lat' dir='ltr'>ter,</span> <span class='ocrx_word' id='word_1_81' title='bbox 481 2614 603 2713; x_wconf 90' lang='lat' dir='ltr'>pulsus</span> <span class='ocrx_word' id='word_1_82' title='bbox 633 2614 741 2688; x_wconf 85' lang='lat' dir='ltr'>crebri</span> <span class='ocrx_word' id='word_1_83' title='bbox 764 2623 801 2686; x_wconf 90' lang='lat' dir='ltr'>et</span> <span class='ocrx_word' id='word_1_84' title='bbox 823 2613 914 2697; x_wconf 91' lang='lat' dir='ltr'>duri,</span> <span class='ocrx_word' id='word_1_85' title='bbox 932 2616 1083 2687; x_wconf 86' lang='lat' dir='ltr'>vomitus</span> <span class='ocrx_word' id='word_1_86' title='bbox 1114 2614 1280 2708; x_wconf 82' lang='lat' dir='ltr'>alvusque</span> <span class='ocrx_word' id='word_1_87' title='bbox 1309 2596 1416 2708; x_wconf 85' lang='lat' dir='ltr'>perti·</span> <span class='ocrx_word' id='word_1_88' title='bbox 1471 2656 1472 2661; x_wconf 62' lang='lat'><em>=</em></span> 
     </span>
     <span class='ocr_line' id='line_1_18' title="bbox 400 2740 844 2808; baseline -0.007 -1"><span class='ocrx_word' id='word_1_89' title='bbox 400 2758 494 2808; x_wconf 85' lang='lat' dir='ltr'>nax:</span> <span class='ocrx_word' id='word_1_90' title='bbox 841 2740 844 2748; x_wconf 87' lang='lat'>&#39;</span> 
     </span>
    </p>

    <p class='ocr_par' dir='ltr' id='par_1_8' title="bbox 400 2849 1415 3056">
     <span class='ocr_line' id='line_1_19' title="bbox 449 2849 1415 2943; baseline -0.001 -20"><span class='ocrx_word' id='word_1_91' title='bbox 449 2851 596 2923; x_wconf 91' lang='lat' dir='ltr'>Deinde</span> <span class='ocrx_word' id='word_1_92' title='bbox 625 2850 780 2943; x_wconf 85' lang='lat' dir='ltr'>pupillae</span> <span class='ocrx_word' id='word_1_93' title='bbox 810 2849 990 2930; x_wconf 82' lang='lat' dir='ltr'>dilatatae,</span> <span class='ocrx_word' id='word_1_94' title='bbox 1019 2849 1209 2943; x_wconf 88' lang='lat' dir='ltr'>pulsusque</span> <span class='ocrx_word' id='word_1_95' title='bbox 1240 2849 1415 2933; x_wconf 88' lang='lat' dir='ltr'>tardiores,</span> 
     </span>
     <span class='ocr_line' id='line_1_20' title="bbox 400 2963 825 3056; baseline -0.014 -19"><span class='ocrx_word' id='word_1_96' title='bbox 400 2964 532 3038; x_wconf 86' lang='lat' dir='ltr'>debiles</span> <span class='ocrx_word' id='word_1_97' title='bbox 549 2973 586 3034; x_wconf 90' lang='lat' dir='ltr'>ct</span> <span class='ocrx_word' id='word_1_98' title='bbox 602 2963 825 3056; x_wconf 88' lang='lat' dir='ltr'>inaequales:</span> 
     </span>
    </p>

    <p class='ocr_par' dir='ltr' id='par_1_9' title="bbox 401 3060 1418 3410">
     <span class='ocr_line' id='line_1_21' title="bbox 450 3060 1417 3174; baseline 0.004 -24"><span class='ocrx_word' id='word_1_99' title='bbox 450 3079 613 3151; x_wconf 81' lang='lat' dir='ltr'>Tandem</span> <span class='ocrx_word' id='word_1_100' title='bbox 636 3078 757 3174; x_wconf 90' lang='lat' dir='ltr'>pulsus</span> <span class='ocrx_word' id='word_1_101' title='bbox 779 3079 950 3162; x_wconf 89' lang='lat' dir='ltr'>citissimi,</span> <span class='ocrx_word' id='word_1_102' title='bbox 970 3102 1089 3149; x_wconf 86' lang='lat' dir='ltr'>sensus</span> <span class='ocrx_word' id='word_1_103' title='bbox 1112 3103 1201 3173; x_wconf 90' lang='lat' dir='ltr'>pene</span> <span class='ocrx_word' id='word_1_104' title='bbox 1227 3060 1346 3165; x_wconf 91' lang='lat' dir='ltr'>deleti,</span> <span class='ocrx_word' id='word_1_105' title='bbox 1363 3108 1417 3154; x_wconf 89' lang='lat' dir='ltr'>ar-</span> 
     </span>
     <span class='ocr_line' id='line_1_22' title="bbox 401 3192 1418 3292; baseline -0.002 -22"><span class='ocrx_word' id='word_1_106' title='bbox 401 3210 504 3270; x_wconf 86' lang='lat' dir='ltr'>tuum</span> <span class='ocrx_word' id='word_1_107' title='bbox 522 3194 709 3279; x_wconf 83' lang='lat' dir='ltr'>eon&#39;vuleio,</span> <span class='ocrx_word' id='word_1_108' title='bbox 727 3194 884 3288; x_wconf 88' lang='lat' dir='ltr'>aliaeque</span> <span class='ocrx_word' id='word_1_109' title='bbox 900 3205 1014 3277; x_wconf 87' lang='lat' dir='ltr'>notae,</span> <span class='ocrx_word' id='word_1_110' title='bbox 1033 3194 1152 3288; x_wconf 87' lang='lat' dir='ltr'>quales</span> <span class='ocrx_word' id='word_1_111' title='bbox 1167 3192 1418 3292; x_wconf 76' lang='lat' dir='ltr'>Apopleoeium</span> 
     </span>
     <span class='ocr_line' id='line_1_23' title="bbox 401 3312 1268 3410; baseline -0.001 -25"><span class='ocrx_word' id='word_1_112' title='bbox 401 3314 594 3409; x_wconf 84' lang='lat' dir='ltr'>graviorem</span> <span class='ocrx_word' id='word_1_113' title='bbox 611 3313 820 3407; x_wconf 88' lang='lat' dir='ltr'>insigniunt.</span> <span class='ocrx_word' id='word_1_114' title='bbox 874 3312 984 3401; x_wconf 86' lang='lat' dir='ltr'>(Vide</span> <span class='ocrx_word' id='word_1_115' title='bbox 1002 3313 1268 3410; x_wconf 85' lang='lat' dir='ltr'>Apoplexiam).</span> 
     </span>
    </p>

    <p class='ocr_par' dir='ltr' id='par_1_10' title="bbox 401 3429 1418 3641">
     <span class='ocr_line' id='line_1_24' title="bbox 452 3429 1418 3516; baseline 0.002 -13"><span class='ocrx_word' id='word_1_116' title='bbox 452 3429 592 3503; x_wconf 77' lang='lat' dir='ltr'>CAUSA</span> <span class='ocrx_word' id='word_1_117' title='bbox 618 3429 1066 3502; x_wconf 77' lang='lat' dir='ltr'>CONTINENS.—Cerebri</span> <span class='ocrx_word' id='word_1_118' title='bbox 1088 3431 1329 3516; x_wconf 87' lang='lat' dir='ltr'>inflammatio,</span> <span class='ocrx_word' id='word_1_119' title='bbox 1348 3435 1418 3506; x_wconf 88' lang='lat' dir='ltr'>sive</span> 
     </span>
     <span class='ocr_line' id='line_1_25' title="bbox 401 3546 1342 3641; baseline 0 -21"><span class='ocrx_word' id='word_1_120' title='bbox 401 3549 561 3622; x_wconf 88' lang='lat' dir='ltr'>incitatio</span> <span class='ocrx_word' id='word_1_121' title='bbox 578 3547 632 3619; x_wconf 90' lang='lat' dir='ltr'>sui</span> <span class='ocrx_word' id='word_1_122' title='bbox 650 3546 784 3635; x_wconf 86' lang='lat' dir='ltr'>similis,</span> <span class='ocrx_word' id='word_1_123' title='bbox 802 3549 839 3618; x_wconf 90' lang='lat' dir='ltr'>in</span> <span class='ocrx_word' id='word_1_124' title='bbox 858 3549 924 3620; x_wconf 90' lang='lat' dir='ltr'>seri</span> <span class='ocrx_word' id='word_1_125' title='bbox 941 3547 1177 3641; x_wconf 85' lang='lat' dir='ltr'>profusionem</span> <span class='ocrx_word' id='word_1_126' title='bbox 1195 3549 1342 3621; x_wconf 90' lang='lat' dir='ltr'>abitura.</span> 
     </span>
    </p>
   </div>
   <div class='ocr_carea' id='block_1_6' title="bbox 396 3760 1444 4435">
    <p class='ocr_par' dir='ltr' id='par_1_11' title="bbox 658 3760 1169 3803">
     <span class='ocr_line' id='line_1_26' title="bbox 658 3760 1169 3803; baseline 0.002 -3"><span class='ocrx_word' id='word_1_127' title='bbox 658 3761 761 3802; x_wconf 74' lang='lat' dir='ltr'>siena</span> <span class='ocrx_word' id='word_1_128' title='bbox 776 3760 1041 3802; x_wconf 73' lang='lat' dir='ltr'>nunnoonrrrnm</span> <span class='ocrx_word' id='word_1_129' title='bbox 1057 3762 1169 3803; x_wconf 80' lang='lat' dir='ltr'>Acorr.</span> 
     </span>
    </p>

    <p class='ocr_par' dir='ltr' id='par_1_12' title="bbox 396 3841 1444 4435">
     <span class='ocr_line' id='line_1_27' title="bbox 440 3841 1419 3929; baseline 0.003 -22"><span class='ocrx_word' id='word_1_130' title='bbox 440 3867 470 3907; x_wconf 89' lang='lat' dir='ltr'>a.</span> <span class='ocrx_word' id='word_1_131' title='bbox 494 3845 582 3907; x_wconf 90' lang='lat' dir='ltr'>Inter</span> <span class='ocrx_word' id='word_1_132' title='bbox 607 3841 706 3917; x_wconf 90' lang='lat' dir='ltr'>initia,</span> <span class='ocrx_word' id='word_1_133' title='bbox 732 3842 894 3918; x_wconf 82' lang='lat' dir='ltr'>febricula,</span> <span class='ocrx_word' id='word_1_134' title='bbox 919 3844 1053 3929; x_wconf 86' lang='lat' dir='ltr'>languor</span> <span class='ocrx_word' id='word_1_135' title='bbox 1079 3855 1109 3906; x_wconf 92' lang='lat' dir='ltr'>et</span> <span class='ocrx_word' id='word_1_136' title='bbox 1135 3847 1273 3909; x_wconf 87' lang='lat' dir='ltr'>anxietas</span> <span class='ocrx_word' id='word_1_137' title='bbox 1296 3863 1419 3912; x_wconf 87' lang='lat' dir='ltr'>vexant.</span> 
     </span>
     <span class='ocr_line' id='line_1_28' title="bbox 400 3947 1422 4035; baseline 0.004 -22"><span class='ocrx_word' id='word_1_138' title='bbox 400 3949 516 4014; x_wconf 91' lang='lat' dir='ltr'>Vultus</span> <span class='ocrx_word' id='word_1_139' title='bbox 529 3947 639 4009; x_wconf 87' lang='lat' dir='ltr'>rubet:</span> <span class='ocrx_word' id='word_1_140' title='bbox 657 3947 756 4009; x_wconf 89' lang='lat' dir='ltr'>somni</span> <span class='ocrx_word' id='word_1_141' title='bbox 771 3949 956 4011; x_wconf 87' lang='lat' dir='ltr'>turbantur:</span> <span class='ocrx_word' id='word_1_142' title='bbox 973 3971 1064 4034; x_wconf 87' lang='lat' dir='ltr'>aeger</span> <span class='ocrx_word' id='word_1_143' title='bbox 1079 3970 1169 4035; x_wconf 87' lang='lat' dir='ltr'>saepe</span> <span class='ocrx_word' id='word_1_144' title='bbox 1180 3950 1327 4016; x_wconf 88' lang='lat' dir='ltr'>dentibus</span> <span class='ocrx_word' id='word_1_145' title='bbox 1341 3954 1422 4018; x_wconf 84' lang='lat' dir='ltr'>fren-</span> 
     </span>
     <span class='ocr_line' id='line_1_29' title="bbox 398 4051 1418 4141; baseline 0.005 -24"><span class='ocrx_word' id='word_1_146' title='bbox 398 4053 452 4117; x_wconf 88' lang='lat' dir='ltr'>det</span> <span class='ocrx_word' id='word_1_147' title='bbox 465 4061 581 4115; x_wconf 86' lang='lat' dir='ltr'>noctu:</span> <span class='ocrx_word' id='word_1_148' title='bbox 605 4051 686 4113; x_wconf 91' lang='lat' dir='ltr'>oculi</span> <span class='ocrx_word' id='word_1_149' title='bbox 707 4051 796 4127; x_wconf 89' lang='lat' dir='ltr'>lucis,</span> <span class='ocrx_word' id='word_1_150' title='bbox 812 4073 901 4114; x_wconf 87' lang='lat' dir='ltr'>aures</span> <span class='ocrx_word' id='word_1_151' title='bbox 925 4053 991 4116; x_wconf 85' lang='lat' dir='ltr'>soni</span> <span class='ocrx_word' id='word_1_152' title='bbox 1017 4074 1129 4137; x_wconf 88' lang='lat' dir='ltr'>parum</span> <span class='ocrx_word' id='word_1_153' title='bbox 1154 4067 1227 4118; x_wconf 85' lang='lat' dir='ltr'>sunt</span> <span class='ocrx_word' id='word_1_154' title='bbox 1249 4057 1418 4141; x_wconf 90' lang='lat' dir='ltr'>patientes:</span> 
     </span>
     <span class='ocr_line' id='line_1_30' title="bbox 397 4154 1444 4246; baseline 0.005 -26"><span class='ocrx_word' id='word_1_155' title='bbox 397 4154 537 4246; x_wconf 88' lang='lat' dir='ltr'>pupillae</span> <span class='ocrx_word' id='word_1_156' title='bbox 551 4154 666 4218; x_wconf 87' lang='lat' dir='ltr'>arctius</span> <span class='ocrx_word' id='word_1_157' title='bbox 685 4155 776 4218; x_wconf 91' lang='lat' dir='ltr'>solito</span> <span class='ocrx_word' id='word_1_158' title='bbox 792 4156 910 4219; x_wconf 91' lang='lat' dir='ltr'>lumine</span> <span class='ocrx_word' id='word_1_159' title='bbox 928 4157 1172 4222; x_wconf 89' lang='lat' dir='ltr'>contrahuntur:</span> <span class='ocrx_word' id='word_1_160' title='bbox 1197 4161 1298 4224; x_wconf 93' lang='lat' dir='ltr'>Dolor</span> <span class='ocrx_word' id='word_1_161' title='bbox 1312 4162 1421 4246; x_wconf 80' lang='lat' dir='ltr'>capitis</span> <span class='ocrx_word' id='word_1_162' title='bbox 1439 4166 1444 4171; x_wconf 82' lang='grc'><strong><em>’</em></strong></span> 
     </span>
     <span class='ocr_line' id='line_1_31' title="bbox 397 4260 1420 4350; baseline 0.002 -23"><span class='ocrx_word' id='word_1_163' title='bbox 397 4263 527 4328; x_wconf 84' lang='lat' dir='ltr'>acerbus</span> <span class='ocrx_word' id='word_1_164' title='bbox 542 4271 679 4346; x_wconf 91' lang='lat' dir='ltr'>torquet,</span> <span class='ocrx_word' id='word_1_165' title='bbox 694 4260 742 4324; x_wconf 86' lang='lat' dir='ltr'>vel</span> <span class='ocrx_word' id='word_1_166' title='bbox 759 4261 904 4347; x_wconf 88' lang='lat' dir='ltr'>sincipiti,</span> <span class='ocrx_word' id='word_1_167' title='bbox 916 4263 965 4324; x_wconf 89' lang='lat' dir='ltr'>vel</span> <span class='ocrx_word' id='word_1_168' title='bbox 979 4264 1114 4348; x_wconf 88' lang='lat' dir='ltr'>occipiti,</span> <span class='ocrx_word' id='word_1_169' title='bbox 1130 4264 1180 4327; x_wconf 90' lang='lat' dir='ltr'>vel</span> <span class='ocrx_word' id='word_1_170' title='bbox 1195 4266 1263 4329; x_wconf 87' lang='lat' dir='ltr'>aliis</span> <span class='ocrx_word' id='word_1_171' title='bbox 1276 4268 1420 4350; x_wconf 86' lang='lat' dir='ltr'>partibus</span> 
     </span>
     <span class='ocr_line' id='line_1_32' title="bbox 396 4366 1422 4435; baseline 0.006 -6"><span class='ocrx_word' id='word_1_172' title='bbox 396 4367 532 4431; x_wconf 85' lang='lat' dir='ltr'>infixus:</span> <span class='ocrx_word' id='word_1_173' title='bbox 556 4366 685 4431; x_wconf 89' lang='lat' dir='ltr'>arteriae</span> <span class='ocrx_word' id='word_1_174' title='bbox 699 4366 835 4430; x_wconf 88' lang='lat' dir='ltr'>multum</span> <span class='ocrx_word' id='word_1_175' title='bbox 850 4368 1019 4431; x_wconf 88' lang='lat' dir='ltr'>concitatae</span> <span class='ocrx_word' id='word_1_176' title='bbox 1035 4371 1138 4432; x_wconf 60' lang='lat' dir='ltr'>creres</span> <span class='ocrx_word' id='word_1_177' title='bbox 1153 4382 1207 4433; x_wconf 89' lang='lat' dir='ltr'>aut</span> <span class='ocrx_word' id='word_1_178' title='bbox 1224 4372 1350 4435; x_wconf 64' lang='lat' dir='ltr'>cxxxies</span> <span class='ocrx_word' id='word_1_179' title='bbox 1365 4374 1422 4435; x_wconf 88' lang='lat' dir='ltr'>mi-</span> 
     </span>
    </p>
   </div>
   <div class='ocr_carea' id='block_1_7' title="bbox 0 0 1668 5302">
    <p class='ocr_par' dir='ltr' id='par_1_13' title="bbox 0 0 1668 5302">
     <span class='ocr_line' id='line_1_33' title="bbox 0 0 1668 5302; baseline 0 0"><span class='ocrx_word' id='word_1_180' title='bbox 0 0 1668 5302; x_wconf 95' lang='lat' dir='ltr'> </span> 
     </span>
    </p>
   </div>
  </div>
 </body>
</html>
