3326 5302
407 511 470 576 '38
699 521 1170 574 cancroma-mmor,

422 708 460 769 et
487 719 672 794 syncope:
703 695 912 809 secernerula
936 706 974 768 et
996 696 1217 769 excernenda
1242 722 1366 793 parum
1392 723 1444 772 re·

425 824 520 887 creta
536 825 573 887 et
587 825 749 887 excreta:
772 825 955 887 menstrua
971 814 1180 888 ‹leficicmia

475 931 614 1004 Causa
628 931 1089 1017 contrusus-Arcum,
1115 933 1152 1004 id
1178 943 1242 1017 est,
1269 933 1444 1018 debilitas,

423 1049 545 1134 cordis,
563 1052 768 1123 arteriarum
786 1074 1015 1145 vasorumque
1031 1052 1303 1124 absorbentium.

486 1167 530 1229 N.
547 1164 800 1232 R—Clrlorosin
826 1167 909 1229 inter
931 1167 1014 1229 uteri
1042 1169 1168 1231 morbos
1193 1190 1308 1254 ponere
1337 1169 1444 1232 nolui:

572 1277 710 1337 mansio
732 1273 814 1336 enim
837 1285 1079 1350 menstruorum,
1102 1295 1183 1356 quae
1205 1295 1368 1359 nunquam
1382 1297 1447 1339 non

571 1379 745 1442 chloroticia
773 1378 872 1455 adest,
903 1376 1098 1440 solummodo
1128 1399 1192 1441 una
1219 1377 1317 1466 hujus
1342 1380 1443 1443 morbi

570 1494 717 1547 notarum
731 1481 875 1546 habenda
892 1494 959 1559 es't3
981 1495 1015 1569 et
1037 1505 1236 1568 nequaquam
1251 1496 1297 1546 est
1312 1483 1447 1569 reliqua-

511 1622 513 1626 *
568 1610 640 1653 rum
663 1612 776 1653 causa:
801 1590 960 1666 nimirum,
983 1591 1088 1653 omnia
1111 1591 1270 1654 Chlorosia
1295 1590 1384 1676 signa
1406 1615 1445 1654 ex

569 1697 678 1757 atocio
698 1695 882 1778 gignuntur.
928 1694 1015 1757 Hinc
1033 1705 1131 1778 patet,
1154 1714 1211 1757 cur
1228 1694 1370 1758 Oblorosi
1388 1696 1445 1758 im-

568 1800 701 1885 plicatae
714 1822 777 1861 non
792 1800 936 1862 remediis
950 1803 1195 1886 emmnngogis,
1218 1799 1271 1863 sed
1293 1800 1341 1880 iis,
1365 1824 1446 1887 quae

571 1894 652 1968 vires
667 1905 764 1968 totius
778 1906 916 1991 corporis
930 1905 1085 1983 reficiunt,
1102 1918 1256 1970 sanentur.

752 2184 865 2251 XXV.
892 2188 1103 2251 TREMOR.

468 2371 932 2449 Daremma-nauum
957 2372 1149 2466 exagitatio
1174 2371 1304 2453 celeris,
1327 2372 1440 2442 animi

417 2494 566 2589 injussu,
583 2491 715 2563 viribus
731 2488 837 2560 simul
861 2488 979 2583 lapsis,
1004 2500 1153 2583 cuteque
1169 2486 1312 2561 madida
1327 2498 1366 2560 et
1380 2512 1441 2583 ge-

417 2609 501 2681 lida.

457 2726 565 2788 Variat
579 2746 638 2810 pro
652 2747 756 2801 causa,
772 2733 868 2807 prout
882 2722 1002 2784 oriatur

397 2875 400 2882 ·
499 2853 529 2896 a.
553 2834 607 2892 Ex
621 2829 748 2913 frigore.

501 2939 528 2999 b.
551 2938 605 3000 Ex
619 2935 685 2997 ulla
698 2957 790 3012 noxa,
806 2957 887 3019 quae
901 2935 982 3022 vires
996 2932 1092 2995 animi
1107 2942 1138 2993 et
1154 2931 1292 3014 corporis
1306 2933 1448 2995 conterit.

500 3066 524 3106 c.
548 3045 601 3107 Ex
616 3042 741 3107 venenis
753 3041 922 3105 metallicis.

594 3321 728 3385 XXVI.
753 3317 1000 3382 DELIRIUM
1025 3316 1263 3381 TREMENS.

338 3588 340 3592 ,
463 3503 881 3598 DEF1N1T10.-Apud
903 3502 1064 3573 homines
1080 3501 1280 3572 ebriositate
1298 3500 1436 3570 diutur-

411 3650 458 3696 na
474 3625 679 3705 infirmatos,
693 3619 856 3691 delirium
875 3642 954 3689 oum
968 3627 1111 3689 artuum
1119 3626 1280 3700 tremore,
1293 3625 1329 3687 et
1343 3639 1435 3686 sum-

411 3765 470 3812 ma
486 3739 614 3810 virium
631 3737 843 3809 resolutione
861 3734 1040 3806 sociatum.

864 3948 977 3990 arcus.

449 4041 554 4107 Artus
567 4059 674 4100 omnes
688 4046 822 4098 tremore
836 4033 972 4111 assiduo,
988 4034 1212 4118 tendiculasque
1229 4034 1370 4098 sabauda
1385 4054 1438 4097 ex-

406 4142 586 4231 agitantur:
614 4142 695 4206 cutis
715 4139 819 4225 friget,
839 4137 963 4201 madet:
992 4137 1100 4232 vultus
1122 4148 1231 4202 torvus
1254 4152 1311 4217 est,
1334 4138 1435 4215 ferox,
1476 4181 1479 4186 -

405 4250 561 4336 pallidus:
587 4247 669 4313 oculi
689 4244 813 4311 assidue
831 4243 895 4308 huc
917 4243 991 4307 illuc
1006 4244 1198 4308 volvuntur:
1221 4245 1317 4307 homo
1338 4253 1434 4306 noctu
