3342 5208
390 496 460 565 102
619 511 1189 571 unrrnunnurnceecunosn.

371 734 374 737 ’
479 748 604 810 cxlv.
635 706 989 814 unnrnnALfflA
1013 746 1324 837 eunounosn.¹

431 914 915 990 -Dnr1u1r1o-Ureteris
938 940 1119 1015 spasmos,
1149 917 1280 993 calculo
1296 922 1408 992 infixo

391 1044 497 1107 ortus.

432 1173 541 1234 Smne
558 1181 642 1244 sunt,
657 1170 834 1232 communia
852 1171 866 1253 j
936 1171 1004 1255 (P.)
1020 1184 1180 1236 enarrata:
1202 1194 1307 1258 porro,
1321 1171 1413 1234 dolor

388 1276 521 1362 alicujus
542 1275 640 1362 pertis
662 1278 806 1351 arcteris,
821 1297 893 1336 eum
909 1277 1088 1340 universum
1103 1288 1330 1363 permeaturus,
1346 1299 1412 1340 eor-

388 1401 464 1466 pore
478 1379 598 1466 agitato
612 1397 741 1442 auctus:
764 1401 846 1464 quae
860 1380 973 1458 omnio,
985 1380 1217 1467 integritatibus
1231 1382 1410 1468 interjectis,

389 1485 511 1549 vicibus
526 1484 663 1562 alternis,
678 1484 771 1546 modo
786 1496 910 1570 urgent,
923 1485 1016 1549 modo
1030 1488 1203 1572 quiescunt.
1236 1489 1413 1574 Aliquanto

389 1602 461 1677 post
476 1590 679 1654 aooessionem
700 1589 831 1669 finitam,
846 1592 982 1654 multum
998 1592 1105 1656 urinae
1121 1593 1292 1670 sabulum,
1306 1615 1412 1655 muoo-

390 1720 441 1761 sae
455 1708 486 1760 et
502 1708 648 1760 cruentae
662 1695 800 1780 profluit.

542 1941 647 2004 CXV.
670 1940 947 2003 CYSTALGIA
970 1942 1257 2009 CALCULOSA.

443 2122 882 2198 Diruere-Urinam
906 2148 1026 2196 cursus
1050 2124 1184 2197 colerilo
1200 2127 1331 2201 vesicae
1357 2129 1411 2200 in-

393 2244 560 2316 haerente
576 2241 777 2338 impeditus,
791 2264 937 2338 epam
953 2243 1093 2315 cervicis
1109 2243 1274 2315 fibrenrm
1293 2247 1411 2317 subiu-

394 2360 440 2432 de
456 2358 601 2455 adjecto.

435 2500 546 2564 Sreun
570 2507 643 2560 sunt
665 2498 754 2584 signa
772 2497 948 2559 communia
964 2498 1023 2582 (P)
1045 2496 1155 2561 calculi
1177 2499 1304 2563 urinae:
1328 2502 1415 2586 cupi-

392 2607 473 2672 ditas
481 2603 640 2692 mingendi
651 2604 808 2690 frequens,
823 2606 968 2668 imovero
982 2627 1062 2691 pene
1076 2605 1218 2680 assidua3
1242 2608 1324 2670 inter
1337 2608 1416 2669 min-

392 2712 542 2800 gendum,
566 2713 675 2776 urinae
699 2734 809 2776 cursus
836 2736 926 2799 saepe
949 2712 1115 2798 derepente
1137 2713 1316 2799 quiescens:
1344 2711 1415 2777 dein

392 2820 481 2882 dolor
504 2831 536 2881 et
558 2818 648 2901 quasi
669 2818 814 2879 titillatus
828 2840 848 2878 a
861 2818 978 2879 cervice
993 2817 1110 2879 vesicae
1131 2819 1172 2881 ad
1193 2842 1350 2882 summum
1368 2842 1417 2884 oo·

391 2926 453 2986 lem
479 2943 581 3005 usque
604 2920 759 3003 pertinere
780 2921 936 3003 percepti:
961 2919 1115 3004 simulque
1136 2929 1299 2999 tenesmos,
1322 2936 1418 3008 atque

394 3030 485 3091 urina
495 3025 545 3089 vel
559 3024 684 3110 penitus
698 3046 874 3108 suppressa,
886 3023 937 3086 vel
948 3023 1056 3089 saltem
1067 3046 1129 3086 uon
1145 3028 1346 3105 exoeruenda‚
1358 3030 1416 3091 uisi

395 3153 523 3218 corpore
537 3129 681 3215 genubus
696 3128 872 3211 cubitisque
886 3128 1004 3190 innixo.

842 3355 966 3417 CXVI.

437 3483 532 3561 Quod
546 3483 587 3544 ad
601 3481 832 3567 orethrolgiom
855 3483 1038 3544 caleohsom
1062 3483 1183 3563 (exul),
1205 3484 1314 3546 iisdem
1339 3509 1420 3571 pene

395 3589 501 3676 signis,
524 3587 640 3673 quibus
653 3585 821 3674 eyotoigto,
844 3584 1061 3670 praedicetur:
1085 3585 1144 3648 nisi
1159 3586 1246 3669 quod
1261 3588 1351 3651 urina
1365 3613 1418 3678 pe.
1459 3579 1461 3585 ’

395 3693 481 3756 nitus
495 3704 590 3778 atque
604 3692 806 3792 eontinenter,
823 3690 975 3797 supprinri
991 3690 1159 3752 consuevit.
1286 3754 1288 3759 ,

687 3932 831 3998 CXVII.
856 3934 1126 3999 NEPHRI'rls.

449 4116 933 4210 DuF1N1T10.—Pyxexia:
960 4115 1058 4188 dolor
1073 4120 1176 4202 renis,
1203 4118 1273 4192 fere
1298 4129 1414 4195 urete-

399 4233 455 4307 ris
470 4234 539 4312 iter
554 4243 735 4307 secuturus
750 4254 759 4315 ;
787 4255 926 4327 corpore
943 4233 1133 4326 exagitato,
1147 4245 1184 4306 et
1201 4237 1322 4330 quovis
1339 4262 1414 4330 pre·
1520 4224 1524 4232 ⁴
