3326 5302
392 541 439 612 26
652 561 1152 628 PYfflle-nl’ornuxlru,

734 852 790 919 ¹V.
814 859 1044 923 PYREXIA.

452 1037 496 1101 N.
507 1041 666 1103 B.-Hac
678 1061 753 1103 νοω
767 1061 844 1102 usus
857 1039 941 1103 idem
956 1039 1123 1127 significari
1134 1041 1217 1119 volo,
1229 1041 1318 1127 quod
1328 1046 1415 1109 cm

539 1165 659 1221 nunus,
674 1144 755 1207 inter
770 1144 993 1231 punge-astas
1006 1144 1203 1210 definiendum.

439 1249 831 1323 nummum-Post
846 1249 1033 1336 horrorem,
1046 1253 1226 1349 animique
1241 1263 1280 1326 et
1295 1278 1412 1351 eorpu-

389 1369 438 1439 rin
461 1366 678 1464 languorem,
695 1366 787 1439 calor
810 1368 946 1463 ingens,
970 1369 1117 1443 arteriae
1139 1371 1342 1455 munitatae,
1360 1395 1410 1444 ue-

390 1482 563 1559 cerneuda
580 1494 617 1558 et
634 1483 852 1558 exnemenda
869 1508 1060 1581 suppressa.

756 1826 1038 1843 κ

757 1845 1038 1857 *—

586 2105 739 2169 MORBI
764 2103 972 2168 GENERIS
998 2104 1210 2181 NERVOSI,

832 2291 870 2362 'm
886 2317 960 2375 usu,

452 2492 716 2563 ENCEPHALI,
738 2491 945 2552 CHORDAE
965 2492 1175 2561 SPINALIS,
1196 2494 1341 2560 ATQUE

769 2609 1022 2668 NERVORUM.

851 2766 948 2794 -Q-

713 2874 771 2936 VI.
795 2875 1082 2939 APOPLEXIA.

437 3054 866 3132 nummum-Motus
878 3053 1126 3139 musculorum,
1137 3055 1198 3149 qui
1211 3056 1321 3129 animi
1328 3060 1405 3153 jus·

387 3199 428 3248 nu
445 3185 568 3270 agunt,
586 3180 691 3265 atque
708 3194 838 3254 sensus,
856 3167 1039 3239 imminuti
1056 3166 1111 3240 vel
1128 3167 1258 3242 deleti:
1284 3196 1402 3269 super-

387 3291 531 3365 stitibus
547 3287 773 3383 respiratione
788 3296 959 3377 motuque
976 3282 1087 3356 nordis
1104 3294 1141 3358 et
1157 3288 1373 3363 arteriarum.

435 3409 606 3485 Suuclus
623 3414 717 3489 sunt,

433 3550 467 3600 a.
496 3525 831 3605 SANGulunn,-e
848 3518 1020 3614 sanguiue
1036 3519 1133 3592 intus
1150 3519 1290 3615 profuso
1307 3531 1391 3594 orta.

433 3642 465 3716 b.
493 3643 734 3723 Sunosn,-e
750 3660 825 3710 sero
841 3638 940 3708 intus
954 3633 1095 3729 profuso
1112 3647 1197 3709 orta.

433 3784 463 3833 c.
487 3756 879 3838 Tnuuunn1cr‚,-ex
898 3753 969 3826 icto
985 3754 1110 3849 capite,
1127 3753 1222 3827 unde
1239 3779 1318 3850 pars
1335 3756 1403 3828 cal-

385 3876 500 3952 variae
520 3872 623 3946 scissa
647 3871 745 3942 intus
767 3868 933 3954 truditur,
950 3881 1013 3943 aut
1030 3893 1129 3942 cruor
1144 3870 1241 3943 intus
1259 3870 1401 3966 profun-

384 3995 492 4078 ditur,
510 4000 573 4063 aut
589 3998 779 4083 utrumque
794 3984 920 4058 horum
937 3985 1074 4059 accidit.

446 4109 490 4171 N.
501 4105 706 4169 B.-Pnrum
725 4100 803 4163 utile
817 4112 863 4164 est
877 4100 934 4163 has
948 4100 1028 4164 duas
1042 4103 1166 4187 species,
1182 4104 1404 4189 Sanguineum

530 4221 626 4295 etque
635 4207 783 4272 neronum
793 4227 974 4290 agnoscere:
990 4205 1077 4269 haud
1091 4228 1162 4269 raro
1173 4207 1265 4285 enim,
1278 4207 1402 4270 homine

526 4320 594 4405 jam
609 4312 756 4400 spirante,
765 4311 896 4376 invicem
907 4310 1039 4375 discerni
1053 4324 1230 4396 nequeunt:
1248 4312 1402 4398 siquidem
