3326 5302
419 524 1029 605 scammoniam-asinum.
1219 538 1266 608 57

243 719 339 804 pedes
353 743 438 805 aqua
450 722 613 800 intercute,
630 733 761 785 tument.
807 721 922 785 Omnia
934 721 1030 785 febris
1044 721 1177 786 tectim
1190 720 1270 785 indi·

244 824 292 886 cia
305 824 476 889 accedunt:
500 827 669 912 faucesque
682 826 808 913 aphthia
821 824 1026 889 efflorescunt.

296 929 455 1016 Denique,
479 953 609 995 seucum
633 952 729 995 rums
744 951 884 1007 v1n10s1,
907 951 1043 1008 uacms,
1068 952 1189 996 sunus
1211 953 1272 995 nn-

248 1054 393 1112 mnmas,
411 1057 572 1100 munaum
588 1032 826 1112 muniemus,
848 1045 878 1097 et
896 1055 1016 1098 innam
1032 1055 1194 1114 unomen,
1217 1057 1271 1099 no·

248 1146 298 1200 tae
312 1150 386 1201 sunt
407 1141 611 1226 praecipuae:
635 1140 754 1226 quippe
768 1161 849 1225 quae
862 1150 997 1204 caeteras
1011 1141 1076 1203 fere
1091 1130 1197 1204 omnes
1211 1162 1275 1205 am-

248 1238 437 1323 plectuntur.
519 1312 524 1319 ,
836 1256 843 1261 ‘

533 1441 572 1502 L.
596 1440 984 1521 Hannonuonax.

302 1617 771 1713 Dnu1N1T10.-Spirandi
797 1617 1006 1690 difficultas:
1032 1620 1175 1713 spiritus
1202 1647 1274 1694 sae-

250 1763 296 1833 pe
312 1761 384 1808 non
401 1737 471 1809 nisi
483 1748 598 1811 erecte
614 1737 763 1830 corporis
780 1747 905 1808 trunco
918 1734 1110 1808 trahendus
1123 1748 1159 1808 et
1173 1740 1275 1810 emit-

253 1854 406 1927 tendus:
433 1853 585 1927 cubandi
610 1853 818 1939 difficultaa
836 1854 1038 1947 praesertim
1056 1855 1094 1925 in
1112 1853 1206 1928 latus
1223 1880 1276 1929 sa-
1333 1914 1336 1920 .

253 1993 365 2042 num:
392 1994 493 2065 saepe
511 1994 631 2042 sensus
648 1969 806 2042 humoris
827 1970 867 2041 in
891 1979 1031 2066 pectore
1046 1969 1276 2045 fluctuantis:

255 2088 354 2181 quies
382 2098 553 2160 nocturna
578 2086 780 2183 frequenter
805 2087 949 2158 somniis
974 2085 1060 2158 diris
1085 2111 1130 2160 ex
1149 2089 1278 2183 impro-

256 2204 330 2276 viso
360 2205 484 2289 soluta,
515 2202 617 2275 corde
643 2204 750 2276 simul
778 2203 1000 2298 palpitante:
1026 2227 1118 2298 aqua
1144 2203 1277 2301 pedum

257 2322 420 2407 intercus,
438 2322 528 2393 vires
545 2320 697 2393 fractae:
723 2321 821 2392 labra
842 2319 914 2393 fere
939 2320 1071 2393 livida:
1098 2346 1277 2397 secernen-

257 2439 303 2512 da
319 2450 356 2512 et
373 2436 591 2511 excernenda
607 2463 800 2535 suppressa.
1120 2442 1124 2447 ’

305 2556 446 2629 Causa
470 2555 1004 2629 conn1unus.-Pleurarum
1030 2559 1200 2629 altemtra
1221 2559 1278 2628 vel

255 2686 404 2769 utraque
420 2671 527 2742 latice
544 2694 672 2763 aquoso
689 2669 745 2739 vel
761 2671 941 2763 glutinosa
957 2671 1122 2743 distenta.
1202 2674 1205 2680 ’

297 2790 409 2852 Sioua
424 2804 573 2848 oumnus
597 2803 687 2845 anan
703 2802 872 2846 nannoms
889 2803 1081 2847 canamus
1098 2800 1283 2852 communia

254 2904 388 2970 cumea,
411 2913 493 2976 quae
511 2889 560 2953 his
574 2888 714 2966 vocibus,
739 2910 969 2955 sncnaununa
984 2912 1029 2955 ns
1045 2912 1282 2958 nxcanununa

223 3074 229 3085 Ι
256 3020 448 3074 suenunssA,
470 2996 689 3071 continentur;
710 3018 832 3081 nempe,
855 2997 961 3061 fauces
983 2998 1097 3078 aridae,
1121 2999 1197 3079 sitis,
1219 3000 1282 3065 cibi

253 3106 425 3184 fastidium,
448 3105 538 3169 alvus
559 3104 660 3181 tarda,
683 3104 775 3168 urina
795 3128 890 3191 parca
911 3117 943 3170 et
964 3107 1036 3171 rufa
1050 3119 1081 3172 et
1094 3107 1281 3196 plerumque

253 3213 409 3278 albasciae
422 3212 525 3295 plena,
541 3209 622 3273 cutis
636 3210 733 3286 arida,
750 3214 804 3274 &a

596 3444 656 3505 L1.
680 3445 942 3509 ASPHYXIA.

309 3625 785 3704 mmmmm-Actiones
802 3624 927 3697 vitales
952 3633 989 3697 et
1014 3623 1182 3721 animales
1203 3631 1277 3723 qui-

259 3759 424 3834 escentes,
453 3746 659 3842 plerumque
684 3746 729 3816 ob
752 3743 1016 3840 respirationem
1034 3743 1080 3829 vi,
1104 3744 1176 3819 sive
1193 3759 1278 3832 arte,
1316 3742 1321 3749 ’

261 3867 445 3938 sublatam.

681 4020 854 4072 spncms.

307 4140 343 4188 α.
372 4116 769 4203 Summanum-e
794 4142 935 4212 corpore
961 4143 1072 4215 aquae
1101 4119 1293 4191 submersa

225 4264 230 4273 ·
260 4244 389 4309 exorta
1167 4262 1172 4269 ·
