3276 5194
364 538 436 616 3112
496 555 552 607 me
573 555 701 608 manis
719 556 779 608 ux
796 556 924 607 Aorno
942 552 1288 610 Hrnnocranrco.

367 729 412 800 iis
427 728 531 802 malis
547 730 721 803 vomitum
737 741 844 827 atque
868 755 1054 806 nervorum
1071 732 1304 806 distentiones
1328 732 1391 805 adss

369 965 533 1039 exitiosas
562 965 668 1062 hujus
696 965 796 1040 acidi
824 969 989 1063 probare:
1025 993 1138 1042 unum
1169 979 1288 1041 tamen
1313 972 1391 1064 jam

369 1082 477 1157 dietis
493 1084 621 1159 addere
637 1111 708 1159 non
725 1085 881 1159 alienum
898 1087 998 1160 duco.
1030 1088 1108 1161 Res
1124 1097 1179 1161 est
1195 1088 1280 1160 satis
1295 1098 1391 1172 nota,

369 1202 474 1276 felem
491 1229 565 1278 esse
583 1205 714 1278 animal
730 1207 825 1278 vitae
841 1206 1116 1291 tenacissimum,
1139 1206 1263 1279 multis
1278 1207 1391 1290 noxis,

370 1346 460 1417 quae
476 1323 546 1396 alia
562 1324 791 1419 extinguunt,
812 1322 1005 1396 obnitendo
1021 1332 1155 1419 aptum.
1206 1316 1393 1395 Brronms

371 1451 491 1513 tamen
519 1441 623 1515 felem
649 1442 787 1526 occidit,
812 1442 908 1514 intra
932 1453 1068 1537 partem
1100 1439 1205 1514 horae
1229 1439 1394 1514 duodeci-

369 1581 477 1645 mam,
504 1583 575 1632 una
591 1570 697 1656 gutta
714 1560 781 1632 olei
799 1557 993 1656 amygdali
1009 1582 1163 1632 ancorae
1177 1558 1322 1655 linguae
1341 1561 1395 1631 in-

372 1677 527 1765 stillata3
555 1679 731 1775 aliamque
747 1678 865 1764 felem,
881 1677 1003 1751 eodem
1021 1678 1134 1773 spatio
1151 1676 1317 1773 temporis
1334 1701 1394 1748 ex-

372 1808 462 1881 acto,
480 1799 610 1882 necuit,
627 1800 743 1894 guttis
758 1797 895 1870 duabus
913 1795 1071 1891 ejusdem
1088 1796 1156 1871 olei
1174 1820 1264 1891 aqua
1280 1796 1395 1869 mistis

371 1915 410 1985 in
427 1915 638 1988 intestinum
656 1922 796 1989 rectum
812 1913 947 1987 infusis.

394 2222 628 2288 cccxxrn.
670 2226 734 2290 nn
758 2206 911 2302 Nonis,
935 2223 1192 2290 cAoAvnun
1217 2223 1386 2307 sacra

768 2351 1004 2416 munieris.

425 2536 550 2623 Quum
568 2562 753 2623 venenum,
766 2537 860 2635 quod
877 2560 1073 2633 prosequor,
1091 2560 1162 2610 non
1178 2537 1398 2608 membranas

375 2680 532 2729 mucosus
554 2656 683 2743 rodere,
712 2658 772 2730 sed
796 2681 910 2754 genus
936 2679 1120 2728 nervosum
1148 2653 1315 2727 facultate
1343 2654 1398 2726 sui

377 2773 485 2846 simili
510 2773 676 2858 hebetare
701 2786 738 2848 et
754 2774 873 2848 sedare
891 2773 1051 2847 videtur:
1077 2772 1174 2845 haud
1194 2772 1397 2851 mirandum

275 2982 278 2987 ,
379 2903 444 2981 est,
461 2893 628 2967 caderem
644 2897 911 2991 absumptorum
937 2917 1007 2965 non
1025 2891 1151 2977 multa,
1169 2887 1267 2964 secus
1290 2902 1396 2987 atque

377 3010 447 3085 fert
463 3023 601 3096 natura,
618 3013 810 3085 ostendere.
864 3010 969 3083 Haeo
985 3020 1106 3083 tamen
1121 3008 1300 3081 interdum
1318 3033 1400 3082 eon-

379 3128 595 3222 spiciuntur;
614 3126 708 3217 (vide
721 3127 851 3200 Palus
868 3137 905 3200 et
918 3125 1252 3210 Foeneratum,
1270 3124 1339 3197 vol.
1357 3127 1397 3197 ii.

377 3271 413 3343 p.
428 3250 538 3340 408);
556 3248 760 3320 membrana
775 3248 906 3320 scilicet
917 3244 1103 3320 ventriculi
1118 3248 1259 3318 mucosa
1273 3243 1400 3318 leviter

377 3365 618 3448 inflammata;
646 3390 728 3438 vasa
742 3368 873 3441 cerebri
890 3375 1028 3463 praeter
1047 3374 1211 3436 naturam
1228 3365 1400 3463 sanguine
1505 3456 1507 3461 ι

378 3484 527 3571 referta3
558 3484 681 3581 pulmo
709 3486 859 3565 subater.
924 3483 1083 3570 Quidam
1113 3506 1214 3578 porro
1244 3495 1400 3556 auctores

298 3619 301 3624 ·
380 3601 567 3687 affirmant,
584 3598 701 3674 oculos
717 3612 797 3696 post
813 3615 961 3675 mortem
979 3598 1076 3672 haud
1094 3597 1215 3672 collabi
1229 3625 1237 3680 ;
1268 3607 1305 3669 at
1321 3622 1399 3693 pro-

380 3721 513 3796 minere
529 3731 567 3795 et
582 3722 706 3804 nitere,
734 3717 831 3793 haud
858 3719 961 3793 aliter
986 3729 1093 3814 atque
1102 3717 1251 3790 'homine
1268 3715 1347 3788 vivo
1362 3725 1400 3788 et

381 3862 474 3910 sano.
524 3839 708 3937 Perpauoa
725 3824 878 3936 denique
894 3837 1062 3909 memoria
1078 3835 1197 3933 digna,
1216 3844 1279 3907 aut
1295 3833 1401 3907 ratio-

381 3977 463 4027 nem
492 3953 656 4029 laedendi
684 3956 911 4054 patefactura,
942 3955 1141 4052 corporibus
1167 3952 1400 4050 introspectis,

381 4073 605 4170 deteguntur.

1628 648 1633 861 i
