3342 5208
521 640 728 696 1111111111
746 638 970 693 uenimus.
1183 621 1255 695 107

235 819 345 895 multa,
361 795 487 903 saporis
498 827 530 880 et
551 816 661 879 coloris
682 815 804 889 mellei:
828 816 922 878 modo
935 804 1033 880 librae
1047 839 1092 880 xx
1106 818 1257 903 quotidie,

236 924 418 1010 ampliusve,
440 932 669 987 excernuntur:
693 921 776 987 cutis
797 943 918 985 summa
939 945 1090 1008 perquam
1104 923 1258 1003 inarescit,

238 1052 381 1115 squamas
404 1029 461 1092 sibi
487 1027 633 1114 praefert,
656 1025 814 1112 odoreque
835 1027 883 1090 sui
906 1027 997 1090 simili
1018 1050 1107 1092 nares
1121 1030 1259 1094 offendit.

238 1138 359 1200 Fauces
372 1134 535 1220 insigniter
548 1135 674 1210 rubent,
686 1145 717 1196 et
732 1133 831 1196 succis
840 1133 1035 1198 naturalibus
1049 1147 1154 1199 carent
1164 1162 1180 1200 :-
1195 1137 1262 1200 sitis

236 1238 419 1328 impaubilis
433 1238 536 1304 satiari
550 1238 668 1325 nequit.
713 1242 819 1326 Aeger
833 1237 894 1302 cibi
911 1239 1000 1326 justo
1021 1243 1217 1327 appetentior
1231 1255 1262 1307 et

239 1347 363 1412 edacior
388 1357 455 1420 est:
483 1345 641 1439 1111111111
666 1368 762 1432 quam
787 1346 944 1410 celerrime
967 1347 1124 1411 tabescere
1149 1349 1262 1434 pergit.

240 1453 347 1518 Alvus
362 1451 537 1517 tardissima
559 1473 673 1538 parum
695 1474 849 1536 aegreque
871 1453 1016 1516 excernit.
1062 1453 1200 1517 Demum
1215 1477 1264 1518 ao-

224 1612 226 1618 ,
242 1557 324 1620 cedit
338 1556 450 1620 Febris
464 1557 603 1629 ὴεειὲεας
626 1578 682 1619 nec
703 1576 780 1618 raro·
796 1554 957 1640 hydrops:
980 1556 1139 1618 interdum
1153 1557 1264 1620 Parte

240 1665 286 1726 eie
294 1662 488 1748 pumat:
504 1661 704 1724 tuberculoea.
946 1748 948 1751 Ι
1159 1696 1161 1699 ·

308 1759 353 1833 Ν.
362 1767 615 1831 .B.-Diobetem
630 1765 804 1851 insipidum
818 1764 948 1850 abjicio:
973 1763 1092 1851 quippe
1105 1766 1172 1852 qui,
1195 1767 1265 1845 nisi,

348 1903 354 1909 ·
397 1872 554 1956 hystoriae
577 1868 713 1954 signum,
734 1862 783 1931 vel
805 1869 910 1933 subito
931 1868 1047 1955 frigore
1067 1881 1123 1935 aut
1145 1870 1265 1949 timore,

395 1975 495 2040 aliove
508 1974 603 2038 animi
617 1985 707 2037 motu
722 1973 923 2037 contristante
937 1973 1073 2060 genitus,
1094 1995 1269 2060 nunquam,

279 2132 282 2137 ,
395 2093 430 2145 ut
444 2080 566 2168 opinor,
581 2079 677 2143 adest.

353 2186 447 2268 Quod
458 2186 499 2252 ad
511 2190 656 2251 Causam
672 2205 923 2250 courrurnrau
933 2188 1079 2252 Diabetia
1089 2189 1208 2264 mutet,
1220 2210 1270 2251 me

395 2316 464 2358 eam
485 2293 602 2356 nescire
622 2292 733 2356 lubens
754 2291 873 2355 fateor:
897 2290 973 2354 mihi
988 2302 1091 2356 tamen
1106 2294 1271 2358 verisimile
1360 2338 1369 2360 0

398 2399 536 2476 videtur,
561 2399 646 2462 hunc
669 2394 815 2461 morbum
829 2397 884 2460 vix
904 2387 985 2461 inter
999 2396 1080 2463 renis
1094 2399 1176 2465 111111
1189 2411 1272 2464 reete

398 2503 561 2588 collocari:
590 2515 623 2566 at
644 2502 824 2589 sanguinem
845 2501 1112 2568 circumfluentem
1125 2504 1272 2569 vitiosum

401 2609 470 2693 ejus
483 2625 549 2670 esse
562 2606 706 2671 radicem.
751 2607 887 2692 Sanguis
900 2618 1054 2685 mutatur,
1072 2631 1108 2671 eo
1123 2609 1210 2693 quod
1224 2632 1273 2671 ac-

403 2712 448 2775 tio
462 2712 604 2775 ciborum
618 2710 795 2773 concoctrix
809 2710 889 2774 male
904 2734 936 2773 se
948 2711 1052 2774 habet.

361 2818 501 2883 Inducor
520 2817 576 2903 qui
597 2818 642 2879 ita
663 2817 804 2893 sentiam,
825 2838 862 2878 eo
883 2817 970 2901 quod
991 2816 1127 2901 sanguis,
1149 2819 1276 2884 diaboti·

402 2945 509 2988 corum
521 2921 679 3008 proprius,
695 2922 796 2984 multa
808 2920 934 2984 exhibet
950 2921 998 2984 sui
1012 2923 1160 3008 propria:
1183 2924 1276 2988 inter-

404 3028 481 3092 dum
496 3024 611 3095 scilicet
625 3027 784 3091 detractus
804 3025 860 3089 diu
880 3047 943 3088 non
964 3027 1132 3111 putrescit:
1154 3049 1210 3091 nec
1225 3051 1276 3091 ve-

406 3155 442 3196 ro
465 3130 566 3195 dicere
589 3132 660 3194 volo
688 3129 870 3195 saccharum
899 3128 928 3192 ei
958 3131 1101 3194 subesse:
1136 3131 1169 3195 id
1194 3134 1277 3195 enim

406 3239 548 3324 sanguini
570 3238 791 3301 diedericorum
811 3236 908 3315 deas,
928 3247 960 3300 et
979 3235 1063 3300 intra
1083 3258 1187 3300 renem
1207 3240 1277 3324 gig-

407 3346 502 3407 nitur.
547 3344 704 3426 Denique,
729 3341 932 3405 cadaveribus
956 3342 1163 3428 introspectis,
1189 3343 1278 3407 doce-

408 3444 492 3523 mur,
514 3466 620 3507 omnes
640 3442 706 3506 fere
726 3457 830 3529 partes
844 3446 982 3531 corporis
1002 3446 1144 3524 humani,
1166 3447 1279 3510 solidas

410 3549 601 3636 et‘liquidaa
623 3549 796 3613 Diabeticia
810 3548 935 3612 vitiosas
949 3571 1031 3611 esse:
1055 3549 1089 3611 id
1110 3550 1197 3633 quod
1216 3573 1279 3612 non

353 3725 359 3730 ,
412 3655 630 3741 admirandum
656 3665 714 3732 est,
744 3654 770 3717 si
799 3654 925 3738 sanguis
951 3664 1113 3728 mutetur:
1152 3675 1191 3716 ex
1220 3655 1280 3724 hoc

412 3766 504 3843 enim,
520 3764 619 3828 veluti
633 3761 729 3840 fonte,
745 3763 809 3839 sive
823 3759 938 3839 radice,
953 3769 1090 3824 caeterae
1100 3771 1203 3846 partes
1217 3747 1281 3827 om-

412 3893 465 3935 nes
479 3870 721 3958 progignuntur.
