3326 5302
413 565 461 632 30
561 573 784 640 concussro
802 574 1276 628 cannara-narrarem.
1388 584 1391 589 ·

409 763 516 837 tatae,
534 752 717 848 respiratio
741 751 933 847 pulsusque
947 752 1154 823 arteriarum
1172 749 1228 821 vel
1243 749 1431 834 naturales,

410 871 467 943 vel
485 871 622 942 citiores
639 879 676 942 et
692 868 963 965 languidissirni,
988 866 1132 940 homine
1148 891 1220 939 non
1238 877 1432 940 stertente:

411 988 558 1061 Deinde
584 987 637 1076 (ni
662 1011 754 1060 mors
770 987 869 1083 prius
886 986 1153 1082 supervenerit),
1179 985 1280 1082 signa
1304 985 1434 1059 cerebri

408 1107 630 1192 inflammati,
647 1106 685 1178 in
703 1103 940 1204 apoplexiam
958 1130 1059 1200 saepe
1076 1105 1242 1177 desitura.

745 1425 810 1489 XI.
834 1423 1096 1487 EPILEPSIA.

460 1606 1015 1685 Damnare-Museulorum
1049 1605 1208 1678 omnium
1242 1604 1430 1690 convulsio,

409 1755 599 1826 sensusque
615 1754 705 1827 pene
722 1727 842 1798 deleti.

833 1953 1006 2004 seueras.

459 2053 810 2136 Cantemus-e
840 2050 969 2122 cerebri
995 2051 1107 2124 vitio:
1142 2053 1259 2125 subito
1287 2051 1433 2150 aggredi

409 2175 522 2259 solita,
540 2195 740 2270 praegressa
756 2170 929 2266 vertigine
947 2170 1019 2242 sive
1036 2170 1196 2269 caligine.

459 2289 879 2374 &mensurans-sine
896 2313 999 2361 eausa
1015 2290 1213 2375 manifesta,
1233 2316 1433 2387 praegressa

407 2433 507 2481 cura
525 2404 728 2505 epileptico.

457 2525 885 2610 Occnsrounms-ob
919 2523 1162 2597 irritamenta:
1198 2525 1316 2620 qualia
1349 2532 1432 2598 sunt

407 2647 516 2741 dolor,
538 2640 768 2729 verminatio,
799 2642 890 2715 cutis
915 2641 1151 2727 deflorescens‚
1178 2643 1333 2718 cruditas
1350 2668 1430 2714 ven-

406 2764 536 2849 triculi,
553 2761 663 2835 animi
681 2773 808 2846 motus,
827 2785 946 2832 cursus
963 2761 1145 2854 sauguinis
1162 2762 1338 2857 copiosior.

863 2972 974 3014 arcun.

447 3060 641 3146 Praegressis
662 3058 821 3122 interdum
843 3056 954 3141 capitis
976 3055 1094 3135 dolore,
1110 3059 1273 3145 vertigine,
1293 3062 1433 3126 scintillis

403 3182 459 3235 aut
485 3167 600 3232 muscis
625 3165 732 3229 oculos
759 3163 981 3228 circumvolare
1007 3165 1240 3250 apparentibus,
1267 3171 1433 3234 atrabismo

403 3275 454 3340 vel
475 3294 552 3338 aura
573 3272 758 3358 epileptica:
789 3292 892 3356 aeger,
914 3269 1000 3333 edito
1021 3269 1087 3333 fere
1106 3269 1252 3350 clamore,
1275 3275 1429 3339 concidit:

402 3380 542 3469 pupillae
564 3401 627 3442 non
649 3378 721 3441 luce
744 3389 952 3456 coarctantur,
967 3389 1091 3443 certeve
1112 3379 1261 3444 immotae
1282 3393 1429 3456 manent;
1516 3374 1528 3384 ⁸

402 3487 510 3551 vultus
533 3484 679 3570 oculique
704 3484 961 3569 distorquentur3
985 3507 1020 3547 os
1036 3497 1182 3571 spumat:
1207 3485 1302 3549 modo
1323 3486 1434 3573 lingua

401 3598 556 3660 extrusas
565 3591 712 3655 dentibus
726 3590 899 3655 laceratur:
924 3590 1052 3675 spiritus
1067 3614 1168 3676 aequo
1182 3593 1321 3656 crebrius
1336 3593 1431 3657 trahi-

401 3713 454 3764 tur
469 3711 500 3763 et
515 3698 686 3762 emittitur:
710 3695 821 3782 pulsus
836 3694 1020 3758 arteriarum
1037 3706 1109 3757 sunt
1124 3696 1302 3783 frequentes
1324 3709 1356 3761 et
1378 3699 1431 3763 ab·

399 3826 541 3876 normes:
565 3799 735 3887 aliquando
745 3800 837 3863 urina
851 3810 883 3861 et
898 3795 1028 3877 stercen,
1043 3799 1138 3863 animi
1152 3802 1286 3888 injussu,
1303 3803 1431 3867 elabun-
1510 3840 1513 3844 ι

401 3924 465 3989 tur,
490 3931 631 3996 peneque
653 3907 784 3984 intento,
807 3926 910 3968 semen
932 3904 1105 3991 projicitur.
1161 3910 1300 3973 Demum
1321 3923 1431 3975 exacto

398 4019 494 4081 horae
507 4015 694 4101 quadrante,
711 4012 775 4076 sive
788 4024 879 4099 parte
893 4014 1033 4092 dimidia,
1056 4014 1216 4079 convulsio
1235 4018 1268 4080 in
1285 4040 1429 4082 somnum

399 4125 487 4198 abit;
512 4144 577 4208 quo
591 4120 689 4199 finito,
705 4142 798 4206 aeger
812 4120 1000 4184 revalescere
1012 4120 1146 4186 videtur.
1191 4123 1327 4201 Quidam
1344 4147 1426 4201 sane,

398 4223 569 4297 secessione
579 4229 645 4314 jam
661 4240 832 4314 praesente,
848 4229 1095 4314 strangulantur,
1111 4243 1168 4295 aut
1182 4232 1213 4294 in
1229 4235 1430 4322 apopleoeiom

397 4340 543 4406 lethalem
558 4335 708 4401 incidunt.

996 4454 1013 4499 3
