3276 5194
383 575 455 641 328
579 590 635 642 nn
655 589 868 644 sunucnmo
885 589 994 645 muer
1013 590 1182 645 vaureu.

361 822 365 827 .
435 763 612 863 Siquidem
627 787 723 841 ‚Nux
739 789 899 844 vorurce
912 771 1084 868 {persaepe
1098 769 1154 847 >ad
1177 790 1290 843 mures
1314 780 1376 844 aut

362 928 366 937 ·
382 886 503 961 sorices
518 886 911 987 enecandosadhibetur,
921 887 1051 986 ‚vulgus
1067 913 1143 964 eam
1159 888 1282 963 belluis
1297 889 1375 962 uni-

385 1006 433 1079 cis
448 1006 670 1104 perniciosam
686 1008 819 1084 eredere
836 1009 942 1083 solet:
969 1007 1065 1083 haud
1080 1019 1196 1083 tamen
1217 1008 1372 1107 mempla

381 1106 549 1202 deficiunt
563 1126 744 1203 huminum
768 1129 833 1204 hoe
848 1153 979 1204 veneno
994 1138 1132 1227 ammte
1148 1131 1373 1227 abreptarum.

382 1245 508 1335 Canes,
524 1248 654 1347 vulpes,
680 1251 820 1348 lepores,
837 1261 874 1325 et
889 1250 981 1348 equi,
998 1274 1039 1324 eo
1055 1259 1202 1347 sumpte,
1218 1250 1374 1325 eitnmu-

383 1367 530 1442 riuntur.

424 1484 531 1589 »Nux
550 1508 710 1562 vaureu
734 1490 778 1563 ab
801 1489 878 1562 aliis
900 1489 1038 1563 venenis
1065 1486 1130 1562 hoe
1157 1488 1375 1585 potissimum

381 1604 513 1681 duat:
538 1606 630 1704 quod
645 1606 816 1682 musculos
840 1608 910 1682 fere
936 1633 1064 1694 omnes,
1093 1608 1303 1705 praesertim,
1330 1607 1377 1681 ad

382 1735 545 1801 trunsum
560 1729 705 1826 corporis
720 1729 919 1816 attinentes,
936 1753 1002 1829 eur,
1022 1730 1078 1802 &a
1102 1751 1244 1828 spasmo
1260 1727 1379 1803 sonno

383 1855 541 1944 torquet:
567 1873 635 1944 quo
650 1851 691 1922 fit
706 1859 748 1923 ut
764 1847 916 1946 spirandi
935 1847 1176 1923 difficultatem
1192 1872 1374 1934 summam,
1432 1840 1434 1845 ¹

382 1973 576 2061 stuporem;
603 1980 639 2042 et
661 1969 812 2052 demum,
839 1968 972 2042 actione
998 1967 1116 2056 sordis,
1144 1968 1317 2066 pulmonis
1337 1979 1373 2042 et

377 2086 470 2182 septi
496 2088 677 2161 transversi
703 2086 932 2186 impedienda,
957 2089 1066 2185 ipsam
1091 2098 1238 2163 mortem
1253 2087 1369 2162 molia-

380 2216 448 2280 tur.
500 2206 739 2281 Srnucrruos
756 2226 845 2280 unx
862 2226 1033 2292 vomica,
1054 2209 1109 2281 uti
1132 2207 1263 2282 multae
1284 2207 1371 2281 aliae

378 2324 519 2421 plantae
533 2325 695 2399 medendi
719 2334 780 2399 aut
796 2323 988 2399 venenandi
1015 2335 1183 2424 potentes,
1212 2327 1371 2425 prineipi-

379 2467 440 2515 um
449 2441 560 2520 ,habet
575 2442 819 2531 summum,
843 2444 968 2517 virium
984 2448 1058 2541 ejus
1073 2444 1217 2529 fontem,
1233 2447 1291 2519 eui
1314 2470 1373 2519 ne

378 2587 458 2639 meu
474 2562 697 2664 Stspedaiu3
722 2588 810 2661 quae
833 2564 882 2638 sie
904 2564 1095 2661 praeparari
1119 2562 1215 2638 solet.
1265 2563 1374 2637 Frue-

379 2696 437 2759 tus
452 2684 597 2760 astitere
611 2683 744 2759 uitrico
763 2685 895 2758 mixtus
910 2684 1037 2758 aeunni
1052 2683 1175 2758 lebetis
1191 2704 1374 2759 narrara-

380 2826 427 2880 Νι
444 2804 674 2904 subjiciendus
690 2816 763 2880 est:
788 2802 925 2881 skeini
943 2804 1023 2878 dein
1040 2815 1195 2879 concretu
1210 2792 1371 2903 supersti-

378 2928 410 3000 ti
424 2925 684 3012 affrmdendum,
701 2951 769 3023 quo
784 2925 877 2998 idem
893 2924 1077 3010 dissolvat3
1102 2922 1168 2999 hoe
1186 2924 1319 3021 liquore
1334 2926 1372 2999 in

378 3070 537 3142 vaporem
566 3070 637 3141 *ope
662 3044 791 3135 ¹caloris
822 3067 927 3128 verso,
965 3054 1119 3140 superest
1150 3055 1370 3132 mncretum3

378 3163 471 3262 quod
492 3166 522 3237 si
538 3188 627 3261 aqua
642 3164 795 3250 selvitru,
815 3169 964 3269 potasse
980 3163 1109 3250 addita,
1133 3160 1369 3238 surranum

377 3282 583 3365 demittitur.
634 3282 876 3358 Sunrcnmln
905 3294 958 3357 est
985 3284 1036 3357 sal
1058 3283 1236 3372 candidus,
1258 3284 1372 3383 chrys·

362 3406 471 3490 taliis
495 3408 695 3492 instructus,
719 3431 807 3503 quae
822 3404 1006 3504 mutata
1021 3404 1256 3502 pyramidibus
1272 3407 1370 3480 finita

372 3528 553 3603 simulant.
604 3524 721 3600 Odore
736 3537 834 3599 vacat
848 3550 858 3611 ;
884 3550 922 3599 os
936 3549 1053 3622 sapore
1069 3549 1232 3622 perquam
1257 3549 1372 3601 amaro

371 3648 521 3723 effendit
534 3671 552 3727 ε,
568 3647 639 3721 adri
655 3644 852 3719 circumfluo
868 3647 1001 3740 objecta
1016 3669 1084 3717 usn
1101 3654 1266 3717 mutatur.
1302 3642 1370 3716 Ca·

374 3769 498 3844 leiaeta
512 3793 576 3842 nee
590 3766 759 3863 liquescit,
776 3790 839 3838 nee
854 3765 892 3838 in
909 3764 1055 3868 sublime
1070 3763 1188 3850 fertur,
1207 3763 1277 3853 nisi
1292 3772 1370 3837 tau·

372 3899 451 3964 sum
464 3888 582 3961 caloris
595 3886 807 3971 adhibeatur,
822 3896 990 3983 quantum
1006 3909 1084 3958 eam
1100 3884 1237 3968 diruat3
1252 3883 1290 3956 id
1306 3894 1368 3970 est,

369 4008 409 4081 in
437 4008 607 4083 elementa
635 4006 761 4079 ultima
789 4015 974 4078 convertat.
1024 4002 1202 4078 Calefacta
1225 4003 1270 4077 ad
1290 4025 1368 4095 gra·

368 4127 458 4211 dum
480 4148 588 4221 usque
608 4138 798 4197 Lxxxmum
813 4124 986 4221 nigrescit,
1014 4135 1052 4198 et
1077 4123 1268 4208 resolvitur,
1292 4147 1369 4197 evo·

372 4249 456 4329 lutis
471 4245 574 4322 arido
590 4241 788 4331 carbonirs,
812 4242 1039 4343 hydrogeuio
1061 4243 1269 4330 cardamate,
1295 4243 1368 4317 oleo

364 4366 671 4477 ,empyreuumtico
686 4364 855 4464 acideque
870 4366 1011 4443 arettae.
1047 4365 1245 4442 Grannum
1261 4390 1368 4465 aquae
