3326 5188
589 644 646 696 ns
664 644 791 696 Aemo
809 644 1030 696 Arrsuuosm
1248 629 1320 704 197
1342 615 1346 621 ’

296 810 504 912 plerumque
522 817 733 890 ostendunt:
761 817 886 913 lingua
899 843 1000 914 saepe
1012 782 1202 891 admodum
1214 822 1318 892 rubet

226 996 230 1001 ,
294 947 334 1007 et
351 946 476 1008 tumet.
493 988 496 1007 ι
516 934 702 1008 Interdum
719 934 895 1007 naturalia
919 947 1020 1008 notas
1040 937 1239 1008 istiusmodi
1256 962 1317 1008 ex-

297 1048 432 1121 hibent.

347 1153 498 1263 Sanguis
527 1167 644 1239 tenuis
670 1179 706 1239 et
733 1191 802 1239 non
829 1177 1008 1240 concretus
1025 1168 1181 1241 inveniri
1205 1169 1314 1253 solet3

295 1285 506 1358 haudsecus
520 1297 630 1380 atque
647 1284 797 1358 fulmine
815 1288 943 1358 occisis.
993 1286 1104 1370 Quod
1128 1289 1172 1359 ad
1198 1313 1317 1383 super-

296 1402 408 1472 ficiem
433 1403 592 1496 corporis,
618 1403 709 1474 cutis
726 1402 872 1474 maculis
887 1402 1007 1473 lividis
1024 1404 1224 1476 efflorescit:
1254 1428 1317 1476 un-

292 1543 390 1612 gues,
408 1520 519 1590 crines
536 1529 642 1613 atque
659 1516 820 1590 calicula
837 1519 907 1591 cito
923 1517 1145 1591 delabuntur.
1188 1519 1317 1616 Neque
1438 1590 1442 1595 .

296 1661 377 1708 vero
393 1661 517 1732 corpus
542 1636 701 1708 celeriter
716 1637 906 1730 putrescit:
933 1636 993 1706 sed
1019 1635 1182 1730 periculis
1206 1662 1319 1732 nuper

295 1755 473 1826 institutis
494 1754 668 1838 docemur,
681 1752 904 1850 putredinem
920 1752 1064 1838 tardius,
1078 1755 1195 1850 potius
1212 1778 1317 1849 quam

295 1872 410 1955 citius,
430 1871 662 1966 supervenire.

303 2177 471 2243 CCXIII.
507 2176 571 2238 DE
595 2176 812 2240 RATIONE
835 2177 933 2253 QUA
960 2175 1149 2240 ACIDUM
1171 2175 1308 2243 ARSE*
1393 2228 1395 2232 ,

456 2301 621 2364 NOSUM
643 2299 828 2364 LAEDIT
851 2300 953 2365 AUT
978 2303 1154 2365 NECAT.

346 2483 484 2556 Medici
501 2485 708 2557 vetustiores
725 2485 792 2555 sibi
808 2498 1065 2579 persuaserunt,
1083 2483 1230 2557 acidum
1255 2509 1317 2557 ar-

292 2624 460 2675 senarum
476 2603 656 2698 ingestum
680 2598 859 2672 hominem
878 2601 1030 2673 occidere
1048 2602 1208 2673 alimenti
1224 2626 1318 2675 mea·

288 2733 333 2793 tu
358 2704 631 2790 inflammando:
657 2718 833 2811 istamque
858 2718 1173 2789 inflammationem
1201 2728 1316 2812 potes-

290 2839 369 2920 tati,
396 2861 465 2931 qua
489 2835 556 2906 hoc
580 2858 756 2907 venenum
778 2833 898 2930 pollet,
916 2832 1072 2919 rodendi,
1092 2835 1314 2908 tribuendam

289 2980 372 3028 esse.
411 2953 537 3026 Multa
554 2963 674 3025 autem
692 2952 903 3025 documenta
921 2951 1004 3023 huic
1022 2952 1178 3047 opinioni
1194 2952 1314 3025 adver-

288 3082 429 3144 santur:
456 3070 641 3166 imprimis,
659 3069 856 3141 venenandi
874 3070 936 3154 vis,
956 3094 1025 3163 qua
1041 3069 1240 3165 praeditum
1259 3081 1313 3143 est

287 3186 434 3261 acidam
450 3209 666 3259 arsenarum
687 3187 899 3281 perinsignis
917 3195 970 3257 est
984 3211 994 3273 3
1021 3186 1167 3258 rodendi
1192 3197 1312 3263 autem
1480 3180 1484 3185 Α

286 3303 433 3375 facudtas
458 3303 668 3396 perexigua:
695 3326 806 3394 porro,
835 3312 940 3373 notae
968 3326 1009 3372 eo
1036 3302 1177 3375 admoto
1202 3316 1309 3390 ortae,

286 3419 391 3513 longe
403 3418 493 3489 aliae
507 3427 602 3500 sunt,
616 3439 755 3510 corpore
768 3418 847 3487 vivo
859 3430 966 3511 atque
978 3428 1116 3491 mortuo
1132 3440 1143 3489 r
1167 3420 1206 3490 id
1218 3421 1312 3514 quod
1431 3444 1433 3449 ·

102 3528 105 3532 ⁴
203 3546 206 3551 '
286 3536 436 3608 nonita
466 3559 501 3605 se
534 3533 662 3604 habere
687 3542 871 3627 oporteret,
902 3535 931 3603 si
958 3533 1131 3605 erodendo
1159 3546 1311 3607 noceret.

284 3651 505 3733 Quinetiam,
526 3672 690 3744 persaepe
707 3649 806 3743 copia
822 3648 948 3742 ingens
964 3649 1113 3744 ingesta,
1136 3646 1223 3720 citra
1239 3650 1310 3746 sig-

286 3794 334 3841 na
350 3780 487 3842 meatus
512 3765 921 3849 alimentiinflammati,
946 3776 1076 3838 enecat.
1129 3763 1310 3861 Denique,

285 3886 359 3957 sive
375 3884 440 3956 hoc
457 3907 631 3983 renenum
649 3884 901 3978 ingurgitetur,
915 3884 986 3954 sive
1002 3882 1139 3954 vulneri
1156 3883 1311 3968 indatur,

287 4004 359 4074 sive
386 4025 497 4072 venae
523 3999 777 4084 committatur,
805 4010 908 4071 notas
925 4000 1062 4073 easdem
1082 4000 1210 4073 infert:
1240 4003 1312 4072 imo

287 4142 378 4202 vero,
395 4119 434 4189 in
453 4142 578 4189 venam
594 4119 776 4212 injectum,
803 4119 938 4213 partire
954 4116 1116 4191 coticula
1140 4121 1242 4192 orbae
1266 4118 1309 4188 il-

286 4237 412 4319 latum,
426 4233 574 4306 eandem
591 4235 659 4305 ciet
675 4236 862 4308 ventriculi
881 4248 918 4308 et
934 4237 1096 4308 intestini
1113 4236 1310 4307 inflamma·

286 4356 432 4439 tionem,
450 4377 556 4448 quam
573 4351 610 4422 in
627 4353 861 4425 ventriculum
878 4364 1068 4446 acceptum.
