3326 5302
613 549 930 605 BRONCHOCELE.

167 1158 174 1167 ·
266 1129 346 1202 DE
372 1128 584 1205 MORBIS
610 1125 978 1204 GLANDULAE
1004 1123 1243 1202 THYROI-

650 1248 865 1323 DAEAE.

713 1447 810 1477 ...-

484 1584 651 1646 LXXVI.
676 1582 1034 1647 BRONCHOCELE.

298 1761 739 1838 mumulo-Tumor
763 1762 891 1838 doloris
915 1787 1006 1861 pene
1024 1786 1147 1861 expers
1163 1773 1270 1862 atque

247 1881 411 1955 diutinus
435 1881 625 1979 glandulae
650 1881 899 1980 thyroidoeoe,
923 1884 1079 1955 cavernis
1101 1884 1177 1979 ejus
1197 1872 1283 1957 am?

248 1998 423 2095 plificatis,
442 2009 549 2096 atque
565 2000 711 2076 humore
727 2002 906 2098 glutinoso
920 2000 1094 2076 distentis.

628 2249 633 2257 .
706 2220 817 2266 amun.

313 2299 499 2388 Cortiingini
527 2303 718 2368 oiiaoidoeoe
747 2303 919 2368 subnititur
949 2315 1065 2381 tumor,
1092 2303 1181 2369 initio
1210 2305 1275 2369 euti

248 2406 401 2486 ooneolor‚
417 2419 449 2473 et
462 2407 528 2472 fere
543 2408 665 2473 doloris
673 2429 805 2497 expers;
828 2410 957 2475 demum
971 2410 1141 2496 aliquando
1154 2432 1275 2496 purpu-

247 2534 329 2592 reus,
341 2523 373 2576 et
386 2514 516 2598 pulsum
530 2515 694 2579 editurus:
717 2539 791 2601 pars
813 2518 881 2601 ejus
902 2516 1006 2579 medie
1019 2539 1174 2579 reeessum
1188 2517 1276 2580 exhi-

245 2616 317 2681 bet:
349 2617 432 2680 inter
456 2616 653 2701 loquendum
679 2629 784 2681 tumor
811 2618 979 2702 paululum
1004 2616 1151 2679 aseendit.
1206 2618 1276 2681 Ali-

245 2720 385 2807 quando,
410 2719 571 2806 loquendi,
595 2719 735 2806 spirandi
752 2731 783 2785 et
798 2718 929 2783 vorandi
944 2717 1110 2783 difficuos
1124 2731 1274 2807 torquet;

245 2829 347 2901 multo
361 2825 463 2890 minor
478 2836 593 2906 tamen,
608 2848 706 2911 quam
719 2848 802 2911 quae
816 2827 1028 2890 ascensam
1042 2826 1177 2890 carotioo
1190 2827 1277 2913 plex-

243 2955 280 2996 os
293 2944 401 2998 tentat.
448 2932 585 3012 Quidam
610 2931 706 3020 signis
729 2932 818 2997 nimii
841 2931 1001 3019 sanguinis
1014 2932 1057 2997 ad
1070 2943 1166 3019 eaput
1181 2933 1276 2999 delati

242 3039 464 3124 implicantur3
497 3040 603 3126 qualia
624 3052 709 3118 sunt,
739 3040 851 3128 eapitis
879 3039 980 3119 dolor,
1004 3040 1115 3127 caligo,
1142 3042 1275 3130 vertigo,

244 3142 327 3206 oculi
340 3143 520 3229 caligantes,
542 3142 718 3208 dormiendi
738 3143 905 3231 cupiditas,
928 3166 1021 3209 aures
1034 3156 1188 3225 sonantes,
1204 3169 1274 3211 cur-

246 3271 300 3314 sus
314 3246 475 3332 sanguinis
488 3269 528 3311 ex
542 3250 682 3326 naribus,
697 3250 870 3335 vultusque
883 3251 980 3314 ruber
994 3261 1050 3314 aut
1065 3273 1254 3337 purpureus.

289 3350 501 3415 Inflammatio
522 3350 556 3413 in
579 3352 841 3416 exuloerationem
861 3353 1011 3433 desitura,
1034 3354 1165 3420 durities
1179 3380 1276 3436 ossen,

247 3453 389 3543 hydnops
399 3463 431 3516 et
430 3455 572 3542 finagiis
577 3454 788 3534 ΙΙιαεγιιαέοάεθ,
798 3456 958 3519 interdum
968 3456 1151 3540 glandtdam
1161 3460 1279 3543 thyroi-

245 3563 337 3627 dam
351 3558 588 3647 aggrediuntur.

342 3852 530 3935 LXXVII.
555 3865 908 3933 INFLAMMATIO
931 3867 1177 3934 VENARUM.

298 4049 842 4126 nummus-Inflammatio
867 4073 1045 4140 venarum,
1070 4045 1276 4151 praesertim
1393 4081 1407 4101 ι

249 4157 474 4245 membranae
490 4170 648 4257 intimae,
661 4170 734 4246 late
751 4183 870 4267 patere
887 4170 1000 4257 solita,
1013 4182 1120 4267 atque
1135 4171 1174 4244 in
1193 4196 1275 4269 sup·
1319 4241 1326 4251 ,

249 4290 484 4383 mirationem,
510 4285 722 4386 etflbriaoe
739 4289 964 4362 secretionem
981 4312 1082 4385 saepe
1099 4287 1274 4365 desitura:
